3860 5884
465 555 510 622 50
905 545 1157 604 nrsronrs

463 773 580 843 habere
598 772 723 844 volunt.
769 791 884 840 eorum
914 768 1040 840 libertas
1068 787 1163 860 atque
1182 769 1249 840 vita
1276 769 1311 838 in
1331 789 1431 840 manu
1450 789 1506 840 tua
1524 769 1585 840 sita
1603 790 1669 856 cett

464 888 538 960 iube
556 887 590 944 (¹)
609 887 748 971 retineri,
768 905 862 978 atque
881 885 976 968 illico,
996 884 1074 956 dum
1093 886 1214 968 siveris,
1233 885 1347 976 gladiis
1367 885 1434 956 dati
1451 904 1597 977 possunt,
1614 887 1669 977 qui

464 1005 622 1097 principes
651 1002 816 1074 seditionis
843 1019 928 1072 sunt.
975 1024 1087 1072 nonne
1116 1002 1280 1072 evidenter
1309 1019 1396 1093 patet
1422 1002 1670 1092 malignantium

464 1143 601 1212 pravum
619 1143 712 1211 opus,
727 1120 781 1209 qui
798 1118 940 1210 undique
955 1118 1174 1188 criminandae
1189 1119 1361 1188 maiestatis
1376 1137 1449 1188 tuae
1464 1121 1670 1188 occasionem

465 1235 648 1328 quaerunt?
665 1260 682 1300 s
735 1233 866 1302 adhaec
878 1257 956 1302 vero
975 1257 1044 1304 non
1057 1233 1092 1290 (Β)
1110 1233 1262 1324 degener,
1274 1231 1331 1304 sed
1347 1233 1422 1325 (ex)
1442 1233 1506 1304 alto
1526 1255 1564 1304 ac
1579 1253 1669 1305 tanto
1698 1257 1715 1324 3
1721 1257 1740 1323 5

464 1353 606 1443 principe
624 1349 761 1442 dignum
784 1373 977 1440 responsum
1003 1348 1090 1420 dedit
1106 1350 1117 1442 Ι
1135 1373 1203 1420 rex.
1253 1371 1357 1418 «non
1379 1349 1564 1440 suspitionis
1588 1348 1670 1418 arbi·

465 1469 538 1554 nio,
556 1467 702 1550 Nicone,
716 1464 924 1536 iudicandum
940 1484 997 1551 est,
1017 1489 1085 1536 non
1100 1465 1191 1539 omni
1210 1466 1333 1556 spiritui
1345 1467 1379 1522 (⁶)
1399 1464 1596 1536 credendum
1610 1486 1670 1548 est,

465 1609 533 1654 non
552 1603 684 1668 temere,
704 1607 745 1652 ne
762 1583 935 1674 poeniteat,
951 1583 1124 1674 quicquam
1144 1606 1238 1673 agere
1257 1605 1370 1674 regem
1384 1581 1486 1652 decet.
1533 1605 1594 1654 nec
1613 1582 1671 1652 du·

466 1701 622 1784 bitamus;
643 1699 729 1770 bona
754 1697 818 1768 fide
843 1697 1000 1789 procedis.
1047 1699 1104 1770 sed
1131 1719 1163 1770 et
1186 1721 1246 1768 nos
1265 1699 1481 1790 exploratores
1499 1721 1556 1790 per
1586 1697 1671 1770 urbis

466 1813 601 1908 angulos
627 1833 723 1908 atque
746 1815 835 1884 vicos
854 1815 1000 1884 misimus
1007 1841 1017 1900 ;
1037 1813 1266 1885 referendarios
1295 1814 1461 1886 babemus.
1507 1815 1600 1906 pauci
1623 1816 1671 1886 in·
1698 1833 1744 1900 40

466 1933 563 2002 fimae
592 1931 702 2023 plebis,
721 1932 776 2022 qui
804 1931 979 2000 Turrianas
997 1929 1116 2000 domus
1145 1931 1269 2016 colunt,
1288 1930 1328 2002 de
1360 1932 1596 2022 conspiratione
1623 1930 1671 2000 lo·

467 2069 627 2142 quuntur;
660 2049 773 2118 caeteri
804 2047 885 2144 illius
908 2049 953 2116 rei
982 2047 1113 2137 ignaros
1131 2047 1165 2104 (¹¹)
1188 2069 1258 2118 sese
1284 2047 1414 2118 iaciunt
1460 2046 1672 2118 innobilium

467 2184 555 2259 parte
572 2187 655 2258 quae
668 2165 827 2236 Matreum
843 2163 983 2234 amicum
1002 2183 1150 2234 nostrum
1166 2165 1320 2255 sequitur,
1339 2163 1474 2234 minime
1488 2163 1673 2254 suspitionis

467 2285 561 2373 signa
575 2280 723 2352 vidimus.
769 2280 830 2350 alia
842 2281 974 2351 certiora
987 2279 1048 2350 tuis
1065 2299 1255 2370 argumenta
1267 2281 1301 2350 in
1316 2299 1407 2350 tanto
1422 2281 1561 2370 negocio
1576 2301 1673 2370 quae-

469 2396 567 2468 renda
585 2415 671 2468 sunt.
717 2395 810 2480 vade,
829 2415 1027 2488 cunctosque
1045 2395 1198 2480 licentie‘s‚
1211 2397 1310 2468 ieiuni
1328 2415 1413 2468 suut.
1459 2395 1626 2466 neminem
1639 2396 1673 2464 in
1700 2413 1743 2482 45

469 2532 582 2584 senatu
601 2513 737 2584 retineas
755 2513 801 2598 (⁶),
822 2511 911 2582 liberi
929 2511 1044 2582 abeant
1066 2515 1199 2604 quisque
1219 2513 1365 2602 domum.
1412 2513 1576 2604 utriusque
1595 2511 1674 2584 civis

470 2627 550 2700 fides
569 2627 652 2699 bene
670 2629 729 2698 erit
748 2647 824 2698 nota
843 2627 947 2711 nobis,
967 2647 1000 2698 et
1017 2628 1211 2720 separabitur
1230 2652 1248 2698 a
1267 2627 1355 2700 bono
1372 2653 1489 2719 pravus
1508 2655 1540 2698 s.

536 2745 661 2814 XXIV.
703 2745 786 2828 Hac,
801 2743 908 2833 igitur,
920 2745 1004 2834 regis
1020 2743 1236 2834 benignitate!
1248 2743 1335 2816 nulla
1355 2744 1613 2838 adpropositum
1624 2769 1675 2816 re·

471 2859 649 2950 sponsione
671 2857 765 2942 facta,
792 2857 833 2927 de
855 2858 974 2949 palatio
1000 2857 1117 2928 stolida
1139 2878 1171 2928 et
1193 2859 1378 2930 inconsulta
1403 2859 1538 2930 discedit
1572 2862 1673 2946 turba,

472 2975 609 3067 ipsamet
621 2975 834 3046 taciturnitate
848 2993 1004 3066 perpetuo
1023 2997 1093 3044 sese
1112 2974 1266 3044 vendens.
1305 2975 1391 3060 inde,
1411 2997 1446 3047 ut
1464 2977 1512 3062 fit,
1531 2978 1674 3068 pluribus

473 3093 696 3184 ignorantibus
716 3115 838 3176 casum,
857 3115 933 3162 cum
952 3092 1073 3162 damno
1093 3113 1154 3161 suo
1178 3093 1279 3162 crevit
1296 3093 1459 3164 temeritas
1477 3112 1510 3164 et
1526 3093 1673 3178 audacia;

474 3233 549 3278 nam
560 3209 657 3300 paulo
670 3229 755 3300 post,
768 3211 954 3300 priusquam
966 3209 1064 3299 ipsius
1076 3207 1299 3278 hebdomadae
1314 3207 1397 3278 foret
1412 3208 1497 3294 linis,
1508 3211 1614 3280 subita
1625 3233 1674 3280 ar·
1704 3233 1723 3299 5

473 3325 583 3396 mandi
600 3325 713 3396 militis
735 3349 775 3394 ex
799 3323 955 3396 industria
979 3343 1070 3415 capta
1087 3347 1192 3407 causa,
1208 3325 1423 3396 Theutonum
1446 3349 1567 3418 magna
1580 3325 1675 3396 turba

472 3441 507 3511 in
526 3441 636 3512 lirolio
652 3440 833 3510 Mediolani
845 3443 878 3510 in
898 3441 995 3510 armis
1014 3459 1047 3510 et
1064 3441 1156 3532 equis
1174 3440 1245 3524 fuit,
1261 3441 1427 3527 simulans,
1440 3461 1476 3512 ut
1494 3441 1604 3526 fertur,
1618 3466 1676 3514 ne·

473 3555 542 3627 scio
555 3581 654 3648 quem
665 3558 820 3628 miserum
833 3559 962 3648 suisque
973 3557 1095 3628 meritis
1102 3557 1253 3650 dignum,
1264 3557 1384 3628 iudicio
1395 3559 1479 3650 ignis
1490 3558 1575 3630 duci.
1611 3559 1675 3629 hoc

473 3691 582 3743 autem
606 3695 673 3742 non
696 3691 829 3756 temere,
848 3675 952 3742 immo
972 3674 1117 3744 consulte
1137 3693 1244 3745 actum
1263 3693 1326 3760 est;
1346 3674 1443 3758 mhi,
1467 3675 1556 3746 velut
1582 3673 1676 3746 firma

473 3793 566 3874 acies,
581 3791 712 3860 caeteris
725 3789 839 3860 urbem
852 3789 1102 3862 discurrentibus
1114 3790 1257 3862 subsidio
1269 3814 1328 3883 pro
1340 3792 1450 3862 castris
1464 3790 1581 3863 forent.
1620 3791 1676 3862 de·
1709 3813 1752 3864 to

473 3905 548 3975 inde
567 3905 608 3974 ad
627 3929 715 3976 arma
738 3905 915 3976 discurrere
934 3925 1075 3976 caeteros
1094 3909 1178 3998 regis
1197 3907 1315 3977 milites
1333 3906 1441 3977 subito
1464 3931 1521 3999 per
1536 3906 1676 4000 hospitia

474 4023 663 4092 nunciatum
678 4042 735 4093 est.
772 4045 898 4108 vemm,
910 4023 920 4112 l
934 4023 967 4090 in
988 4023 1058 4114 ipso
1070 4023 1176 4113 primo
1188 4022 1339 4106 tumultu,
1354 4021 1553 4092 destinantur
1565 4023 1676 4094 nuncii

475 4139 559 4230 regis
583 4141 694 4208 armati
720 4141 754 4209 in
778 4141 878 4230 equis,
905 4139 961 4229 qui
984 4161 1042 4229 per
1069 4137 1181 4209 urbem
1204 4139 1322 4209 domos
1349 4139 1531 4231 principum
1553 4158 1587 4209 et
1607 4161 1676 4208 ma·

476 4278 617 4348 gnorum
636 4255 756 4326 civium
776 4257 918 4338 visitent,
942 4253 1028 4324 haud
1048 4273 1169 4324 temere
1193 4256 1395 4346 explorantes
1414 4257 1469 4347 qui
1496 4257 1616 4326 civium
1642 4257 1676 4327 in

476 4373 571 4443 armis
587 4374 662 4452 sint,
680 4373 778 4462 quive
795 4371 922 4464 publice
942 4389 997 4440 aut
1012 4372 1050 4428 (l)
1068 4371 1193 4441 occulte
1212 4393 1300 4441 arma
1318 4391 1440 4462 parent.
1482 4371 1516 4440 bi
1534 4373 1676 4466 primum
1709 4397 1751 4464 ¹5

477 4487 602 4575 Mattei,
620 4486 735 4560 deinde
750 4487 911 4560 Guidonis
929 4489 1048 4560 domos
1070 4487 1212 4558 visitant.
1258 4511 1373 4560 verum
1389 4489 1575 4582 priusquam
1591 4489 1677 4560 Mat·

530 4791 840 4850 (subaemulari
885 4791 1133 4850 lbleadhaecuott
1182 4793 1387 4852 (elur-apim·
1437 4791 1678 4852 (Μαίσων

477 4873 612 4932 seligunt
666 4871 1119 4930 lelflbumlnaaturttenntstit
1186 4872 1356 4932 (libhardus
