3860 5890
635 482 658 536 1.
687 481 745 538 DE
775 479 1090 538 CERMENATE.
1398 485 1454 549 1¹5

266 699 426 772 Florentia
456 721 522 771 av.
547 701 625 768 mill.
649 722 801 790 passuum
825 701 949 790 spatio;
967 699 1055 790 quod
1079 697 1132 770 ubi
1155 722 1283 772 sensere
1306 699 1458 790 Guelphi,

262 841 401 908 quorum
423 839 517 908 supra
540 815 623 885 lacta
645 837 693 886 est
717 817 852 898 mentio,
871 815 956 887 illico
976 815 1016 884 ad
1039 835 1142 906 partes
1160 815 1262 888 Collis
1281 835 1313 886 et
1334 819 1368 886 S.
1390 817 1455 886 Ge·

262 935 396 1004 miniani
430 957 505 1004 curn
535 935 674 1002 exercitu
710 933 801 1002 celeri
826 955 936 1022 gressu
960 931 1108 1014 tendunt,
1130 955 1212 1024 quae
1246 932 1312 1002 dtio
1335 932 1453 1024 oppida

261 1052 343 1120 inter
370 1050 488 1120 Casole
510 1069 543 1118 et
568 1050 746 1118 exercitum
769 1049 968 1138 imperatoris
991 1047 1057 1118 lere
1080 1047 1188 1118 medio
1212 1049 1324 1118 itinere
1341 1049 1375 1104 (⁸)
1398 1049 1456 1118 sita

191 1187 233 1236 ao
260 1185 345 1250 sunt,
379 1189 419 1236 ne
448 1166 639 1236 Casolenses
655 1167 690 1219 n)
706 1189 781 1235 cum
816 1165 1002 1234 victualibus
1030 1165 1070 1234 ad
1101 1167 1277 1236 exercitum
1300 1164 1374 1236 inde
1397 1167 1457 1236 iter

260 1282 376 1352 saciant
398 1281 540 1350 inhibere
563 1282 719 1364 volentes,
743 1281 849 1372 ibique
891 1280 1107 1350 mareschalco
1142 1301 1174 1350 et
1204 1281 1314 1350 comiti
1340 1279 1456 1350 Frede-

260 1399 338 1482 rico,
361 1399 480 1490 quique
506 1421 580 1468 curn
604 1399 650 1467 eis
669 1397 786 1468 Casole
806 1396 961 1488 oppidum
977 1417 1136 1488 ceperant,
1154 1421 1195 1466 ne
1220 1395 1259 1465 ad
1279 1397 1454 1466 exercitum

260 1514 401 1598 redeant,
424 1514 570 1585 obsidere
592 1517 651 1584 iter
681 1514 823 1584 credunt
870 1533 902 1582 at
932 1513 988 1596 illi,
1006 1531 1103 1581 nacta
1133 1513 1172 1582 ad
1196 1511 1320 1582 libitum
1346 1511 1454 1582 Casuli

260 1649 363 1709 mora,
381 1625 477 1696 dandi
497 1626 643 1696 ordinem
659 1626 751 1697 rebus
775 1649 879 1708 causa,
904 1649 977 1696 curn
992 1625 1069 1694 solis
1088 1625 1246 1714 equitibus
1261 1644 1363 1708 mcc„
1379 1649 1453 1694 cunr

190 1763 208 1812 a
213 1765 229 1830 5
259 1742 373 1834 quibua
397 1761 561 1826 venerant,
583 1741 751 1812 redeuntes
770 1743 915 1832 equitant
933 1763 998 1830 quo
1018 1739 1125 1810 hostes
1149 1743 1275 1808 venisse
1294 1739 1352 1808 sibi
1372 1763 1454 1810 nun·

259 1855 377 1924 ciarum
401 1873 458 1924 est.
505 1877 572 1924 non
601 1855 744 1924 contenti
775 1877 833 1944 pro
863 1853 972 1924 castris
995 1877 1065 1922 sese
1095 1853 1129 1922 in
1153 1855 1254 1922 aciem
1285 1853 1452 1944 explicare,

258 1969 335 2058 quin
359 1971 462 2038 immo
485 1971 583 2038 etianr
606 1969 698 2040 illatis
713 1969 814 2058 signis
834 1968 1041 2058 procedentes
1061 1967 1100 2036 ad
1124 1987 1231 2058 portas
1251 1968 1353 2040 Collis
1373 1970 1454 2040 mul·

257 2083 427 2154 titudinem
452 2085 606 2168 hostium,
625 2085 773 2154 obsessae
788 2086 893 2175 gentis
913 2107 1015 2166 more,
1036 2085 1116 2152 intra
1132 2107 1242 2154 muros
1261 2084 1401 2154 clausam
1418 2085 1452 2140 (⁶)

258 2199 297 2269 ad
321 2223 463 2290 pugnam
486 2201 599 2270 fntstra
622 2221 751 2271 vocant.
798 2200 930 2270 tandem
955 2199 1045 2270 fessis
1069 2219 1164 2270 cantu
1188 2200 1272 2270 tubis
1295 2200 1453 2291 nullisque

189 2337 231 2406 30
257 2315 400 2387 hortium
423 2316 669 2406 egredientibus,
698 2317 737 2386 ad
761 2319 938 2388 exercitum
962 2340 1065 2409 aequo
1084 2339 1179 2407 passu
1202 2318 1348 2388 tendunt.
1394 2339 1452 2408 po·

255 2449 342 2502 atero
360 2431 412 2502 die
430 2433 580 2504 odiosum
599 2435 700 2504 nimia
716 2455 806 2504 mora
828 2455 979 2526 campum
998 2433 1124 2526 linquit,
1145 2434 1185 2503 ad
1204 2433 1342 2526 burgum
1359 2435 1451 2504 Podii

257 2547 366 2616 bonizi
389 2546 523 2618 festinus
546 2549 681 2618 tendens
695 2549 740 2618 (¹).
1069 2545 1077 2563 '

324 2665 393 2736 LV.
439 2665 545 2736 Locus
569 2685 676 2736 autem
692 2667 755 2750 ille,
772 2667 849 2736 dum
873 2667 905 2736 in
929 2667 1020 2736 ltalia
1043 2667 1167 2758 imperii
1186 2667 1309 2736 celebre
1329 2689 1450 2737 nomen

255 2779 324 2862 ftrit,
340 2780 481 2872 dumque
499 2783 532 2852 in
552 2782 673 2852 Tuscia
686 2781 785 2852 valuit
798 2782 894 2852 factio
910 2783 1077 2866 Gibellina,
1094 2783 1252 2854 nobilium
1268 2785 1445 2854 incolarum

231 2883 237 2890 ’
254 2894 403 2987 frequens
425 2915 502 2966 erat.
549 2919 661 2966 verum
684 2899 825 2988 aequaris
849 2897 972 2968 dudum
988 2897 1061 2966 solo
1076 2899 1259 2982 moenibus,
1277 2923 1365 2970 nunc
1379 2899 1449 2970 sola

254 3029 349 3080 restat
372 3011 607 3082 transeuntibus
631 3035 725 3104 rupes
748 3032 836 3096 nota,
852 3037 962 3104 quam,
987 3015 1044 3084 etsi
1064 3016 1168 3084 tenaci
1184 3015 1296 3085 fronde
1320 3035 1449 3099 tectam,

208 3147 223 3212 5
255 3125 358 3196 tiator
378 3151 473 3218 saepe
497 3127 610 3220 digito,
638 3149 674 3198 ut
704 3131 835 3220 signum
865 3131 1014 3220 antiquae
1037 3131 1127 3212 arcis,
1160 3149 1325 3200 monstrat.
1372 3155 1448 3200 nam

253 3261 387 3312 vacante
405 3244 552 3334 imperio,
571 3244 659 3336 quod
677 3269 772 3336 saepe
786 3243 904 3314 accidit
921 3245 1022 3336 longo
1040 3245 1195 3335 temporis
1214 3245 1392 3330 intervallo,
1408 3271 1448 3316 ex

253 3377 319 3446 quo
343 3357 376 3426 in
400 3381 573 3450 pauperem
603 3361 812 3430 Germaniam
836 3359 965 3450 Imperii
988 3361 1038 3430 ius
1065 3361 1204 3442 recessit,
1227 3359 1305 3430 dum
1329 3361 1449 3430 electus

253 3471 459 3557 Theutonus,
480 3477 634 3566 imperare
653 3475 777 3546 ntundo
797 3477 978 3565 nesciens!
994 3475 1033 3546 ad
1052 3477 1211 3546 solemnia
1230 3477 1449 3546 coronationis

253 3609 328 3656 suae
341 3589 376 3644 (ἃ)
390 3592 512 3680 nequit,
532 3591 634 3660 immo
654 3615 728 3660 vere
747 3593 848 3662 nescit
866 3592 1027 3674 accedere,
1051 3615 1118 3660 non
1147 3591 1247 3661 modo
1266 3594 1355 3661 vicus
1379 3593 1448 3675 iste,

188 3722 226 3768 ro
252 3727 367 3772 vetum
387 3705 485 3774 etiam
505 3707 655 3798 pleraque
679 3709 806 3799 oppida,
830 3707 909 3778 dum
933 3710 1097 3798 antiquam
1121 3707 1244 3798 imperii
1264 3705 1362 3776 fidem
1386 3731 1450 3776 ser-

255 3841 329 3887 vare
352 3819 477 3906 uolunt,
500 3845 579 3912 quas
603 3823 737 3893 stolidus
757 3823 847 3894 miles
867 3825 1062 3894 Theutonus
1083 3823 1203 3892 aliusve
1222 3823 1371 3914 principis
1394 3847 1449 3892 cu·

251 3934 332 4004 riam
348 3957 487 4026 sequens
498 3939 611 4006 vicinis
630 3939 761 4010 urbibus
774 3961 929 4031 regnante
945 3940 1079 4032 imperio
1095 3941 1223 4009 iniurias
1242 3939 1325 4022 tulit,
1345 3937 1448 4008 luunt.

252 4050 327 4120 diris
349 4053 456 4144 itaque
475 4053 549 4124 belli
569 4053 711 4126 cladibus
727 4077 782 4126 aut
797 4055 894 4148 longa
914 4055 1083 4126 obsidione
1102 4055 1244 4140 subacta,
1264 4077 1330 4124 non
1348 4053 1449 4126 modo

302 4271 393 4328 (Mb
407 4271 491 4318 itineris
562 4275 599 4330 (b)
614 4274 673 4320 Mur.
688 4275 822 4322 maleam
899 4277 932 4332 (c)
947 4275 1009 4320 aler.
1023 4287 1086 4320 mere
1100 4275 1200 4320 clausero
1267 4273 1305 4330 (d)
1319 4273 1355 4316 Do
1369 4277 1451 4330 quem

249 4353 513 4412 pontianellum
527 4353 590 4400 delle
604 4367 706 4402 creme
720 4357 811 4402 iliceto
824 4355 837 4400 ἑ
851 4357 1008 4412 collationato
1017 4355 1163 4414 aelstanus.
1174 4355 1201 4400 fl.
1236 4353 1259 4400 V.
1269 4351 1451 4410 Presaqioee.

285 4539 329 4612 (1)
347 4539 391 4597 Ci-
408 4541 442 4598 G.
455 4541 588 4608 Vraaaaat,
607 4545 660 4600 loc.
681 4543 740 4610 cit3
757 4545 826 4600 Ata.
871 4543 938 4598 altre
957 4543 1035 4610 fonti,
1049 4545 1154 4598 rimane
1170 4541 1275 4596 oramai
1294 4539 1383 4594 fermo
1399 4539 1450 4594 che

249 4621 398 4690 Mesene,
411 4625 459 4692 Χῖ,
474 4627 545 4684 rubr.
555 4643 595 4696 m,
607 4645 680 4702 pone
693 4628 719 4683 la
735 4628 825 4684 levata
871 4630 916 4683 cio
929 4645 1052 4684 auvenne
1066 4627 1084 4682 il
1099 4627 1198 4700 gionw
1210 4623 1228 4680 6
1246 4626 1274 4680 di
1286 4625 1351 4698 quel
1364 4641 1450 4680 mese.

249 4707 294 4762 del
303 4725 403 4780 eampo
412 4709 456 4766 nel
467 4712 566 4780 giorno
580 4729 608 4782 ¹3
621 4713 824 4784 gennalot3r3;
871 4712 916 4769 Cl.
935 4713 1065 4778 Bonum,
1084 4729 1130 4784 op.
1149 4711 1193 4766 eit
1213 4727 1238 4782 p.
1261 4725 1317 4782 305.

249 4807 294 4845 nra
310 4809 358 4864 per
373 4793 398 4848 la
418 4797 554 4852 concorde
573 4797 781 4852 testimonianze
797 4799 824 4852 di
