3874 5886
616 539 1078 600 tenebrantem.
1400 543 1439 592 21

249 767 386 838 ferreum
409 767 556 836 diadema
575 767 607 836 in
627 767 787 836 territorio
807 765 982 834 Mediolani
1007 764 1045 832 ab
1070 765 1308 855 archiepiscopo
1324 783 1442 834 vestro.

180 901 219 970 25
252 883 369 974 equod
392 902 501 952 autem
525 882 661 952 ferreum
682 881 828 951 diadema
851 881 1020 971 significat,
1045 881 1160 970 inquit,
1175 880 1262 970 quod
1286 881 1366 949 sicut
1388 903 1444 970 per

248 999 366 1068 sertum
390 1019 422 1068 et
445 1000 655 1068 instrumenta
678 997 787 1080 ferrea,
815 1015 937 1068 caetera
953 996 1079 1064 metalla
1093 995 1263 1066 domantur
1274 995 1320 1076 (⁸),
1333 997 1377 1064 sic
1388 1019 1443 1086 per

247 1113 370 1184 salubre
394 1113 575 1196 consilium,
598 1137 658 1182 nec
683 1137 750 1184 non
779 1113 970 1202 praeclaram
1002 1133 1164 1180 armorum
1199 1113 1387 1200 potentiam,
1412 1131 1443 1178 et

249 1230 431 1300 Italicorum
451 1231 613 1310 virtutem,
629 1231 794 1319 praecipue
809 1225 1110 1311 Mediolanensium,
1128 1225 1258 1296 domare
1274 1226 1367 1295 debet
1383 1225 1442 1294 im·

248 1365 372 1434 perator
400 1362 432 1413 et
455 1344 602 1433 subigere
636 1363 771 1412 caeteras
796 1345 951 1412 nationes.
1010 1365 1123 1424 vosne,
1152 1343 1261 1432 inquit,
1287 1341 1442 1410 Mediola-

180 1477 221 1544 30
249 1483 373 1544 nenses,
393 1461 447 1551 qui
462 1459 648 1528 immediate
666 1458 801 1528 subestis
820 1461 967 1549 imperio,
992 1459 1083 1528 omni
1102 1459 1163 1526 alio
1185 1460 1344 1528 servitutis
1364 1461 1441 1548 iugo

248 1573 337 1642 liberi
352 1575 522 1664 deeritisll
538 1595 721 1644 vestrumne
732 1573 876 1642 favorem
892 1573 1092 1654 subtrahetis,
1107 1575 1184 1662 quin
1199 1573 1233 1628 (l)
1250 1591 1314 1642 tam
1330 1575 1441 1655 iustus,
1517 1629 1523 1642 .

248 1712 281 1760 et
303 1691 569 1760 clementissimus
584 1691 729 1780 princeps
745 1709 849 1758 vester
861 1691 989 1759 tertium
1006 1691 1129 1760 Romae
1144 1711 1275 1760 aureum
1295 1688 1441 1759 diadema

248 1807 406 1898 suscipiat,
423 1827 455 1876 et
470 1829 511 1876 eo
525 1807 596 1896 ipso
612 1809 666 1897 qui
685 1829 820 1875 romano
837 1828 927 1874 more
948 1807 1097 1886 vivimus,
1115 1825 1146 1874 et
1164 1807 1253 1894 quasi
1272 1805 1440 1874 domestici

248 1941 279 1991 et
302 1921 468 1990 familiares
492 1923 613 2010 imperii
635 1923 772 1992 Romani
792 1943 914 2002 sumus,
934 1921 1186 1988 iurisdictionem
1211 1918 1384 1988 babeamus
1408 1919 1440 1987 in

181 2056 217 2122 35
248 2059 362 2106 omnes
385 2057 497 2126 gentes
516 2035 656 2106 mundi?
701 2059 811 2106 nonne
834 2035 964 2126 quidem
988 2035 1064 2104 baec
1087 2053 1227 2124 potestas
1247 2057 1264 2102 a
1284 2037 1357 2104 Deo
1373 2033 1442 2102 est?

247 2151 456 2240 negabiturne
480 2153 665 2222 Romanum
690 2153 861 2242 imperium
884 2151 965 2220 adeo
992 2151 1177 2234 stabilitum,
1205 2175 1239 2219 ac
1263 2152 1359 2220 etiam
1385 2173 1440 2218 ore

248 2265 433 2356 prophetico
452 2267 639 2336 nunciatum
659 2264 738 2348 lore,
757 2264 846 2356 quod
864 2266 1024 2355 expositio
1040 2265 1181 2334 Danielis
1200 2289 1294 2355 super
1312 2265 1441 2334 somnio

247 2381 559 2464 Nabuchodonosor,
579 2381 703 2472 publice
725 2381 926 2464 manifestam
971 2383 1024 2471 qui
1045 2399 1166 2450 statuae
1181 2401 1276 2472 caput
1298 2404 1441 2462 aureum,

247 2521 344 2587 quam
374 2491 539 2566 somnians
566 2497 698 2582 viderat,
732 2497 962 2576 chaldeorum,
986 2517 1095 2587 pectus
1125 2515 1313 2588 argenteum
1342 2497 1441 2566 Grae-

178 2633 221 2702 ao
248 2635 370 2696 corum,
386 2611 479 2680 tibias
495 2613 610 2682 ferreas
624 2613 848 2684 Rornanorum
864 2613 1033 2702 imperium
1054 2611 1200 2702 portendi
1217 2613 1252 2666 (ζ)
1267 2613 1441 2682 nunciavit.

247 2727 492 2808 induaminid),
516 2729 630 2819 inquit,
652 2729 758 2820 itaque
778 2729 917 2818 recipere
938 2729 1107 2798 dominum
1127 2747 1282 2810 vestrum,
1299 2729 1441 2818 aequatis

247 2842 389 2932 passibus
427 2861 459 2912 et
488 2845 601 2925 stratis,
635 2862 668 2912 et
700 2843 826 2912 relectis
859 2845 1022 2932 pontibus,
1048 2843 1141 2914 bonis
1171 2864 1203 2913 et
1229 2842 1441 2933 praeambulis

248 2957 388 3048 undique
407 2957 496 3026 lactis
519 2961 527 3048 l
547 2959 722 3039 itineribus,
741 2978 848 3049 parate
869 2961 955 3028 viam
975 2959 1109 3028 domini.
1158 2981 1278 3027 moneo
1301 2961 1442 3048 insuper,

247 3074 358 3162 inquit,
375 3093 506 3142 cunctos
527 3076 673 3156 comites,
688 3073 823 3143 barones
842 3092 874 3142 et
893 3075 1042 3144 satellites
1061 3097 1148 3156 suos,
1168 3097 1204 3143 ac
1218 3075 1253 3130 (θ
1273 3075 1441 3142 universos

176 3211 216 3276 45
247 3190 301 3278 qui
320 3189 387 3256 iure
410 3208 559 3258 tenentur
582 3191 729 3280 imperi0,
756 3209 791 3258 ut
814 3215 847 3260 se
871 3210 1057 3280 praeparent
1074 3191 1157 3258 sicut
1181 3189 1287 3272 decet;
1311 3207 1342 3258 et
1367 3211 1441 3257 cum

246 3305 403 3372 senserint
436 3303 611 3372 adventum
641 3303 764 3373 domini
787 3305 847 3386 sui,
879 3304 918 3373 ad
940 3303 1037 3394 pedes
1067 3305 1229 3372 montium
1254 3305 1384 3372 veniant
1407 3304 1440 3372 in

247 3438 416 3486 occursum
440 3419 562 3487 „tntu

313 3533 371 3602 XI.
419 3531 469 3602 Ad
486 3533 564 3603 haec
579 3533 761 3604 bonifacius
777 3535 816 3603 de
832 3537 910 3604 Fara
926 3537 1044 3620 iurista,
1059 3537 1157 3625 ipsius
1178 3535 1336 3606 Guidonis
1364 3557 1438 3623 prae

247 3649 377 3716 caeteris
401 3647 572 3730 familiaris,
598 3671 630 3718 et
654 3649 849 3720 domesticus
874 3651 1048 3734 consultor,
1077 3651 1155 3720 tanti
1179 3651 1330 3742 principis
1353 3651 1440 3740 lega·

247 3766 380 3845 tionem,
403 3783 473 3832 turn
497 3766 596 3854 ipsius
620 3765 806 3835 destinantis
830 3768 1107 3848 reverendarum
1131 3767 1229 3834 etiarn
1253 3767 1439 3836 auctoritate

248 3877 354 3968 legati,
373 3879 470 3968 longa
486 3878 681 3970 praelatione
700 3903 841 3950 asserens
861 3883 1035 3950 maximam
1051 3899 1082 3948 et
1102 3881 1275 3950 verendam
1295 3903 1374 3964 esse,
1392 3903 1439 3948 re·

299 4089 331 4144 (a)
346 4089 387 4134 Bb
400 4089 462 4146 quod
474 4088 555 4146 inquit,
566 4091 684 4134 clarissimi
699 4091 761 4134 cives
771 4089 888 4146 significat,
903 4089 963 4148 quod
979 4089 1037 4134 sicut
1050 4103 1089 4146 pec
1105 4091 1187 4136 lectum
1203 4097 1290 4136 caetus
1299 4091 1387 4136 metella
1400 4091 1441 4134 do·

245 4177 335 4214 mantnt
416 4171 499 4224 (bida
524 4168 642 4230 curctpin,
661 4179 682 4214 et
700 4169 765 4228 quasi
846 4173 877 4225 (cl
895 4171 937 4216 Bb
952 4171 1083 4228 portendere
1179 4171 1211 4225 (d)
1232 4171 1277 4216 Bb
1302 4171 1438 4216 inducamini

246 4249 278 4302 (e)
294 4247 337 4292 Bt
356 4259 396 4292 oec
412 4259 455 4292 non
474 4257 541 4292 etum
609 4249 630 4302 (i
634 4254 642 4304 p
658 4249 698 4292 Bb
712 4249 754 4292 sibi
769 4251 858 4293 veniant
872 4249 953 4293 hilares
967 4247 989 4301 ln
1004 4261 1127 4294 occurtum

245 4434 387 4488 gnomo.
424 4419 583 4486 CiPtarz,
602 4421 818 4478 MonumGerm.
865 4421 1440 4494 parole«inprimisintimaveruntseuno·

247 4502 304 4572 Lag.
328 4501 375 4570 lV,
399 4521 452 4576 ⁴99
482 4521 497 4560 e
522 4505 664 4570 Feriam,
694 4507 817 4570 Historia,
864 4505 1058 4560 «tibcaverunt
1077 4509 1125 4560 dcc.
1143 4525 1167 4569 s,
1194 4521 1247 4558 ove
1266 4507 1384 4560 trovansi
1411 4506 1435 4560 le

247 4585 293 4650 tv,
319 4603 393 4656 ¹053·
864 4589 1018 4646 condicioni
1028 4590 1145 4662 imposte
1153 4589 1278 4643 allecina
1289 4589 1439 4658 lombarde,

280 4673 323 4738 (t)
334 4671 380 4726 l'el
393 4687 541 4728 contenuto
551 4675 577 4728 di
588 4687 681 4746 questa
691 4677 818 4728 oracione
865 4691 911 4746 per
927 4673 1080 4744 accoglierc
1099 4673 1280 4746 degnamente
1300 4675 1440 4748 l'impcra·

244 4753 288 4808 del
304 4771 423 4812 vexovo
438 4757 581 4812 Glierardo
594 4759 620 4812 cli
632 4759 770 4814 Costanaa
785 4757 819 4812 ci.
864 4771 933 4812 tore.

245 4837 273 4892 in
287 4837 422 4906 Bonam,
437 4857 482 4914 op.
493 4841 547 4906 cle,
558 4841 646 4897 ildoc
661 4859 689 4897 n.
702 4859 731 4898 vr
747 4841 819 4898 dalle
