3860 5884
621 503 647 560 1.
676 503 733 560 ue
761 503 1077 561 cenueuare.
1400 510 1443 576 27

256 725 361 814 ipsum
386 743 494 794 tamen
517 725 746 794 ecclesiasticae
777 724 940 816 dignitatis
963 727 1138 796 reverentia
1161 727 1295 810 dimisit,
1318 728 1443 798 reddito

256 840 342 930 prius
359 859 462 909 castro
479 841 596 924 Trecii,
613 840 701 932 quod
714 841 748 909 in
768 841 837 930 ipso
856 860 1091 930 occupaverant
1103 843 1243 911 tumultu
1259 843 1442 932 Raynaldus

186 957 228 1022 60
256 957 350 1028 frater
368 959 436 1026 eius
453 977 486 1027 et
505 955 679 1049 [Napinus]
699 957 819 1026 cunctis
850 956 995 1026 fratribus
1014 957 1129 1027 iunior.
1175 959 1263 1028 cuius
1286 959 1331 1026 rei
1349 981 1443 1028 causa

256 1073 304 1142 hi:
329 1073 438 1156 Casto,
459 1072 653 1162 Raynaldus,
672 1091 703 1142 et
722 1074 842 1142 cunctis
865 1072 1011 1142 iratribus
1035 1073 1140 1144 iunior
1158 1075 1316 1163 Napinus,
1334 1075 1444 1144 exules

256 1187 339 1272 sacri,
363 1187 585 1257 desiderabant
606 1207 638 1258 et
669 1189 744 1258 totis
768 1187 885 1256 viribus
908 1188 1119 1278 procurabant
1150 1189 1233 1278 regis
1257 1189 1443 1272 adventurn,

255 1323 291 1372 ut
309 1305 445 1394 reliquos
464 1303 574 1372 fratres
587 1327 663 1374 suos
681 1304 834 1386 liberaret,
850 1327 931 1394 quos
947 1305 955 1394 l
970 1307 1002 1374 in
1022 1329 1092 1374 arce
1109 1305 1290 1396 Anglen'ae,
1306 1305 1443 1376 obscuro

255 1443 378 1488 carcere
398 1419 531 1504 clausos,
551 1419 618 1510 ipse
634 1419 742 1489 Guido
761 1419 927 1490 crudeliter
941 1421 1114 1490 retinebat:
1127 1421 1293 1512 Paganum
1313 1421 1442 1524 militet,

185 1534 224 1618 65
255 1533 442 1604 Adoardum
461 1555 492 1604 et
511 1535 719 1604 Moschinum
730 1535 776 1602 (¹).

322 1651 448 1719 Horum
467 1671 523 1719 sex
537 1648 680 1732 framam,
693 1668 727 1720 ut
739 1649 934 1740 praedictum
949 1669 1008 1732 est,
1025 1653 1138 1720 Musca
1155 1653 1285 1742 pater(·)
1298 1651 1367 1734 luit,
1380 1652 1442 1736 cui,

255 1789 405 1834 unacum
421 1765 562 1856 praefato
574 1765 735 1848 Guidone‚
751 1789 830 1836 avus
846 1765 947 1834 luerat
961 1767 1109 1856 Paganus
1125 1768 1255 1836 natione
1268 1767 1373 1848 Miles,
1388 1769 1442 1856 qui

254 1903 391 1950 numero
414 1882 517 1972 magis
539 1880 679 1951 liliorum
701 1903 799 1972 quarn
823 1881 1004 1951 divitiarum
1032 1883 1123 1971 copia
1146 1879 1222 1950 felix
1247 1880 1314 1952 suit.
1361 1883 1442 1951 duos

254 2017 360 2066 autem
379 1996 514 2088 reliquit,
536 2019 687 2088 quorum,
705 2021 779 2088 prae
799 2001 937 2082 caeteris,
954 1999 1016 2066 hoc
1035 1998 1108 2066 loco
1129 1997 1249 2068 mentio
1268 1998 1370 2088 aptior
1387 2021 1442 2067 oc·

183 2130 226 2198 70
253 2113 347 2182 currit
366 2112 471 2195 nobis,
490 2113 715 2204 Napoleonem
734 2113 862 2198 scilicet,
882 2133 914 2182 et
933 2115 1146 2182 franciscum.
1192 2113 1274 2182 inter
1292 2113 1352 2180 hos
1371 2137 1439 2203 per·

252 2248 366 2318 petuus
385 2227 566 2296 ambitionis
590 2246 623 2296 et
640 2228 778 2296 invidiae
796 2251 922 2318 semper
937 2227 1084 2297 stimulos
1102 2227 1171 2297 fuit,
1218 2229 1348 2298 caeteris
1362 2251 1441 2296 vero

251 2345 436 2433 quietiores;
451 2365 510 2413 nec
523 2343 555 2412 in
568 2365 606 2412 ea
617 2345 649 2411 vi
662 2343 787 2412 animus
803 2367 956 2434 unquam,
971 2363 1005 2412 ut
1021 2343 1095 2432 ipsis
1111 2342 1256 2412 fratribus
1271 2345 1337 2412 suis
1351 2367 1440 2433 pares

252 2483 321 2528 esse
336 2479 583 2550 praesumerent,
596 2461 713 2549 quippe
728 2458 825 2548 longe
840 2457 1003 2528 inferiores
1013 2459 1122 2528 aetatis
1138 2479 1237 2542 erant,
1251 2460 1347 2528 unico
1360 2459 1441 2528 forre

252 2573 416 2644 dumtaxat
431 2592 566 2665 excepto
583 2572 786 2664 Raymundo.
833 2573 885 2643 hic
899 2574 959 2642 uisi
973 2573 1130 2643 Ecclesiae
1149 2573 1259 2644 fuisset
1276 2575 1439 2644 honorum

180 2709 220 2774 75
251 2688 401 2778 gradibus
425 2689 506 2758 forte
524 2709 703 2778 promotus,
723 2689 832 2758 tertius
852 2689 883 2758 in
902 2689 911 2778 l
930 2687 1061 2758 fratrum
1081 2689 1263 2758 ambitionis
1281 2688 1438 2758 seditione

251 2805 371 2876 luisset.
416 2805 481 2874 Sed
510 2804 648 2874 Ecclesia
677 2804 736 2874 sibi
767 2827 858 2873 suam
888 2804 1021 2872 honoris
1044 2823 1164 2894 partem
1188 2805 1305 2874 tribuit.
1363 2827 1437 2873 narn

250 2921 389 3010 primum
408 2921 576 3010 episcopus
596 2921 773 3004 Cumanus,
794 2919 908 2988 deinde
928 2919 1190 3010 metropolitanae
1208 2919 1291 2990 sedis
1310 2921 1437 3012 Aquile-

250 3035 345 3106 iensis
359 3037 511 3127 patriarca
523 3035 592 3106 fuit.
630 3037 778 3128 Napoleo
790 3055 878 3126 pater
890 3037 1043 3106 Muscliae
1059 3035 1127 3118 suit,
1139 3059 1236 3126 quem
1248 3037 1295 3118 (ι’),
1307 3056 1437 3106 mortuo

249 3153 397 3243 Philippo
416 3152 455 3221 de
475 3153 505 3221 la
524 3152 628 3222 Turre
652 3153 816 3241 capitaneo
839 3151 960 3242 populi,
984 3151 1123 3222 eundem
1146 3151 1375 3220 dominationis
1399 3152 1437 3220 ti·

178 3265 222 3334 80
249 3268 352 3337 tulum
375 3268 572 3352 franciscus,
591 3267 685 3337 huius
708 3268 867 3338 Guidonis
885 3268 1027 3357 paterl‘),
1046 3285 1081 3336 ut
1104 3285 1181 3355 puto
1209 3266 1318 3334 aetatis
1347 3289 1437 3334 reve·

249 3386 359 3466 rentia,
379 3383 536 3474 suscipere
560 3407 670 3474 passus
693 3403 751 3466 est,
770 3383 841 3452 licet
865 3383 1026 3452 ferocitate
1050 3383 1149 3451 animi
1172 3405 1208 3452 ac
1227 3383 1344 3450 virtute
1367 3403 1437 3450 cor·

247 3501 333 3588 poris
349 3501 493 3590 superior
511 3498 602 3569 foret.
649 3499 734 3568 unde
754 3521 821 3568 non
840 3499 948 3568 minor
970 3499 1111 3590 potentia
1134 3497 1203 3566 sine
1226 3497 1319 3566 titulo
1337 3521 1435 3588 penes

248 3615 352 3704 ipsum
371 3613 447 3698 fuit3
462 3613 550 3706 quod
569 3617 668 3706 patuit
687 3615 869 3684 divitiarum
888 3618 989 3705 copia,
1008 3637 1087 3705 quas
1105 3614 1231 3706 reliquit
1246 3615 1349 3684 multo
1367 3639 1436 3684 am·

248 3729 361 3818 pliores
386 3731 456 3820 ipso
479 3729 669 3820 Napoleone
693 3729 785 3798 fratre
815 3751 886 3798 suo.
948 3729 1026 3798 baec
1052 3729 1217 3798 seditionis
1240 3749 1271 3800 et
1299 3729 1435 3798 invidiae

176 3841 215 3930 85
246 3845 342 3934 pestis
359 3845 456 3934 ipsos,
471 3867 609 3935 suosque
624 3845 796 3933 complices
811 3843 945 3913 demum
963 3845 1177 3934 praecipitavit
1196 3869 1297 3936 usque
1315 3845 1347 3912 in
1366 3867 1435 3934 per·

298 4078 529 4134 <sidenorum
583 4079 779 4138 (bumeliam
834 4079 1057 4136 (summram

279 4283 321 4354 (r)
332 4281 375 4338 Cf.
389 4281 529 4340 Ttasram
544 4283 816 4340 essentialitate
860 4285 957 4340 sconti.
977 4283 1019 4340 Cs.
1029 4283 1155 4350 Gatrusi,
1165 4283 1351 4356 op.eit‚parte
1358 4281 1432 4348 vm,

244 4369 306 4434 riae,
317 4367 430 4434 lib.xx,
440 4369 521 4436 Med..
535 4368 610 4440 1627,
618 4369 752 4442 p.453;B.
761 4371 816 4425 Co·
859 4386 885 4441 p.
903 4367 953 4440 576
968 4385 983 4424 e
997 4385 1055 4440 sgg,
1092 4365 1154 4422 Che
1173 4367 1219 4440 poi
1234 4365 1430 4420 l'arcivescovo

244 4467 301 4518 nm,
323 4453 460 4509 L’lrisiorio
478 4453 504 4508 di
523 4455 621 4509 ,iiiluna
646 4455 815 4526 atoigarmentc
859 4469 915 4508 non
926 4465 1062 4508 ottencsse
1076 4451 1100 4504 la
1112 4450 1207 4505 liberti
1220 4467 1249 4504 se
1264 4465 1319 4504 nota
1330 4466 1345 4502 a
1355 4461 1430 4522 patro

242 4539 337 4604 santra,
351 4535 471 4604 Padova,
490 4535 564 4604 1646,
580 4551 654 4611 parre
670 4539 703 4606 11,
718 4557 744 4612 p.
756 4553 813 4610 33o
859 4537 911 4592 che
925 4537 934 4590 i
946 4535 1045 4591 fratelli
1060 4533 1176 4590 Riualdo
1193 4533 1329 4606 eNapino
1341 4533 1431 4588 cedes·

206 4623 212 4638 ‘
242 4620 368 4676 Nessuno
378 4621 423 4677 dei
431 4621 505 4678 citati
515 4624 607 4678 storici
617 4639 737 4678 accedas
747 4626 813 4696 pero
858 4617 1429 4684 seroilcastellodiTrezao,dovesierano

242 4705 268 4758 al
290 4719 398 4778 segreio
422 4717 531 4762 maneto
554 4719 595 4763 tra
618 4707 812 4764 l’arcivescovo
858 4703 1053 4778 asserragliati,
1083 4719 1140 4758 non
1164 4703 1180 4758 ὲ
1211 4699 1353 4758 affermato
1378 4699 1429 4756 ciac

242 4789 363 4846 eaesae
382 4790 453 4846 della
472 4789 561 4847 Torre
579 4809 594 4848 e
613 4791 749 4848 onemo
767 4790 813 4846 Vi·
856 4791 901 4846 dal
911 4791 944 4847 C.
