3860 5890
606 545 634 602 1.
661 545 719 602 us
747 544 1065 604 cerussata.
1365 547 1422 618 141
1499 601 1503 610 ,

155 787 216 854 150
242 767 345 838 nebat.
390 769 493 836 immo
516 767 613 836 etiam
631 791 689 838 nec
711 767 782 850 sibi,
804 791 864 838 uec
886 769 1010 858 agnatis
1026 769 1091 838 suis
1110 767 1267 838 Turrima
1282 769 1424 859 potentia

241 905 395 976 umquam
413 903 501 974 grata
518 881 629 954 iuerat.
674 883 737 966 bic,
759 907 835 954 cum
857 885 954 974 ipsius
972 883 1060 954 ducis
1076 907 1207 974 aegrum
1227 883 1373 954 animum
1392 899 1425 954 et

241 999 338 1090 ipsius
352 999 398 1068 rei
417 1019 545 1068 causam
564 997 780 1088 perpenderet,
796 999 862 1066 iam
885 1021 1002 1090 magna
1034 999 1177 1068 ciborum
1196 997 1303 1090 [copia
1332 995 1424 1090 con}

240 1133 365 1205 sumpta
375 1115 661 1206 “lopportunaque
673 1116 775 1184 mutui
791 1117 946 1184 sermonis
959 1115 1038 1184 bota
1053 1131 1153 1204 capta,
1169 1116 1201 1184 in
1217 1113 1348 1184 modico
1359 1136 1423 1184 ser·

241 1251 338 1298 mone
361 1229 611 1300 mareschalcum
634 1251 709 1300 suae
731 1229 940 1302 solicitudinis
958 1249 989 1300 et
1022 1251 1135 1319 aegrae
1158 1229 1274 1301 mentis
1295 1249 1423 1301 causam

151 1371 210 1438 155
239 1343 439 1414 manifestare
459 1345 574 1434 coegit.
632 1345 687 1436 qui
710 1345 797 1414 velut
820 1345 852 1414 in
871 1346 963 1414 arctis
981 1361 1013 1414 et
1031 1344 1215 1435 periculosis
1233 1343 1327 1414 rebus
1346 1365 1423 1414 coo·

239 1459 344 1528 silium
362 1481 525 1550 quaerens,
545 1460 652 1550 aquid
668 1460 840 1552 agendum,
853 1459 967 1550 inquit,
985 1461 1113 1548 ignarus
1134 1457 1281 1530 omnium
1297 1458 1423 1540 aescio;

239 1573 506 1666 frequentantium
520 1575 617 1646 mam
634 1595 733 1648 castra
746 1599 819 1646 mea
833 1574 1018 1664 ambiguam
1035 1573 1132 1644 fidem
1149 1577 1248 1644 dureo
1263 1573 1309 1644 (l).
1355 1593 1422 1644 uon

238 1692 334 1774 enim,
358 1711 394 1762 ut
415 1690 523 1774 fertur,
541 1715 656 1762 omnes
685 1693 740 1782 qui
763 1691 803 1760 ad
833 1713 893 1761 uos
907 1691 917 1782 Ι
930 1694 1055 1782 magnis
1081 1687 1344 1780 promissionibus
1368 1713 1422 1758 ve·

238 1805 330 1876 aiunt
352 1807 526 1876 Turrimae
544 1807 661 1876 domus
691 1807 784 1876 amici
807 1827 892 1890 sunt,
915 1807 1018 1874 immo
1036 1807 1177 1896 plerique
1198 1807 1281 1876 votis
1304 1803 1421 1874 discor·

150 1929 212 1992 r6o
238 1919 314 1990 dant
335 1943 446 1990 secum
464 1947 495 1990 a.
540 1923 591 1992 cui
613 1921 707 1990 frater
721 1921 935 2012 Singibaldus,
959 1941 994 1991 ut
1012 1941 1122 2010 postea
1137 1944 1213 1992 eum
1231 1919 1421 1990 referentem

238 2035 359 2106 audivi:
384 2037 571 2120 «exulibus,
595 2037 708 2125 inquit,
730 2057 811 2126 quos
830 2035 930 2106 dulcis
954 2059 1044 2108 amor
1066 2037 1183 2128 patriae
1207 2037 1325 2121 incitat,
1350 2057 1421 2106 mos

237 2169 284 2220 est
302 2171 415 2222 cuncta
437 2151 534 2222 ardua
563 2173 657 2243 atque
680 2175 788 2244 aspera
810 2153 951 2236 suadere,
971 2151 1166 2222 attenuando
1190 2153 1287 2222 etiam
1310 2151 1421 2220 adver·

237 2267 389 2336 sariorum
405 2291 538 2338 suorum
554 2269 646 2352 vires,
659 2291 741 2359 quae
756 2267 926 2338 imminent
940 2267 1076 2358 pericula
1091 2269 1233 2350 reticem,
1248 2265 1303 2336 ubi
1318 2267 1421 2358 aliqua

236 2381 282 2450 eis
299 2379 530 2472 recuperandae
546 2385 663 2474 patriae
676 2381 769 2454 fuerit
782 2405 864 2474 spes.
911 2401 943 2452 at
954 2380 1045 2452 vobis
1060 2383 1201 2472 aequiori
1219 2383 1328 2454 mmo
1344 2403 1421 2452 con·

148 2511 207 2596 ¹⁶5
235 2495 440 2570 siderandum
458 2517 516 2580 est,
534 2499 560 2566 si
580 2499 687 2590 aequis
707 2499 824 2568 viribus
840 2517 933 2590 atque
952 2497 1030 2568 locis
1048 2497 1141 2568 vobis
1160 2515 1253 2588 atque
1277 2495 1420 2570 hostibus

237 2613 355 2702 geritur
375 2635 435 2682 res.
481 2613 560 2683 nihil
582 2616 615 2682 in
638 2637 728 2683 mora
750 2613 842 2682 vobis
875 2633 980 2684 tutum
1008 2613 1115 2686 video.
1159 2633 1214 2684 aut
1242 2613 1326 2684 illico
1349 2614 1420 2682 vin-

237 2723 385 2810 cendum,
400 2747 454 2796 aut
465 2727 647 2798 abeundum
662 2747 720 2798 est.
765 2729 881 2818 quippe
893 2728 982 2798 nullo
995 2727 1091 2798 firmo
1105 2731 1320 2812 munimento,
1330 2725 1421 2798 nullo

236 2842 390 2912 continuo
412 2865 516 2934 neque
539 2861 625 2912 certo
652 2863 836 2912 commeatu
854 2843 936 2926 freti,
955 2843 1062 2914 hostili
1086 2865 1165 2932 agro
1194 2844 1302 2934 positi,
1329 2843 1421 2914 cuius

236 2959 359 3028 incolae
377 2961 563 3050 potentioris
586 2961 741 3030 exercitus
764 2959 926 3030 sonunam
944 2984 1071 3051 semper
1093 2963 1181 3052 sequi
1211 2962 1310 3052 parati
1334 2979 1418 3032 sunt.

148 3101 210 3168 ¹70
236 3095 303 3142 non
320 3075 390 3144 sine
400 3097 519 3166 magna
536 3077 631 3144 vestri
650 3077 805 3166 aegentia
832 3095 955 3146 aetnae
970 3075 1111 3166 periculo
1130 3075 1418 3146 Mediolanensium

236 3189 412 3258 amicorum
430 3189 571 3280 quotidie
594 3211 737 3260 crescens
759 3191 931 3281 expectatis
954 3189 1124 3274 effortium,
1147 3188 1236 3280 quod
1265 3189 1319 3259 ubi
1342 3211 1420 3260 con-

235 3323 401 3394 gregatum
420 3303 525 3388 fuerit,
542 3306 655 3374 scitote
667 3327 726 3374 vos
745 3323 821 3376 tunc
836 3304 928 3374 omni
946 3305 1051 3394 gentis
1063 3327 1099 3374 ac
1119 3303 1263 3374 metuam
1275 3301 1418 3374 subsidio

235 3419 359 3508 peuioxs
378 3419 552 3490 derelictos.
598 3422 702 3490 immo
723 3421 750 3490 si
772 3421 924 3512 plerique,
943 3421 998 3510 qui
1027 3443 1113 3490 nunc
1135 3417 1304 3490 vobiscum
1333 3437 1419 3502 suut,

235 3533 343 3604 bostes
371 3555 493 3604 vestros
523 3535 660 3606 viderint
688 3537 845 3618 meliores,
875 3535 960 3606 illico
983 3557 1092 3606 secum
1116 3557 1218 3606 erunt.
1265 3537 1327 3604 boc
1351 3559 1417 3605 non

146 3677 205 3746 ¹75
234 3651 364 3742 impune
396 3652 488 3722 multi
518 3651 671 3722 bactetuu
701 3653 858 3742 principes
881 3653 1002 3742 experti
1019 3671 1104 3722 sunt.
1138 3651 1206 3722 *sed
1236 3651 1354 3722 Enelini
1378 3652 1419 3720 de

236 3766 384 3836 Romano
398 3789 489 3836 casus
504 3791 570 3837 non
587 3769 725 3836 nimium
739 3769 905 3857 antiquum
917 3766 1102 3836 documenti
1122 3765 1306 3856 exemplum
1326 3765 1417 3836 vobis

234 3901 290 3965 est,
314 3883 368 3972 qui
386 3882 520 3972 superba
543 3882 763 3952 dominatione
782 3881 907 3952 urbium
932 3883 1064 3964 Brixiae,
1083 3882 1243 3966 Veronae,
1267 3880 1418 3964 Terrisii,

233 3997 422 4066 Vincentiae
440 4021 477 4066 ac
506 4001 603 4069 totius
621 3999 687 4068 fere
710 3999 867 4068 muchiae
891 3999 1079 4069 Tervisinae
1102 3997 1184 4068 adeo
1213 3999 1324 4084 fretus,
1342 4021 1416 4069 cum

233 4111 353 4202 aliquot
381 4115 502 4206 etipse
531 4115 673 4184 exulibus
704 4113 877 4184 Mediolani
899 4115 1028 4184 traiecto
1051 4113 1184 4185 flumine
1203 4113 1314 4184 Addae
1337 4117 1416 4184 Am-

144 4233 207 4301 180
234 4225 417 4298 brosianum
435 4253 547 4320 agrurn
563 4229 711 4302 invadere
730 4252 824 4300 ausus
843 4251 909 4300 non
923 4253 978 4322 per
994 4249 1140 4320 pontem,
1152 4247 1187 4299 ut
1202 4249 1344 4312 venerat,
1359 4228 1415 4298 sed

231 4363 287 4432 per
301 4345 500 4434 inexpertum
514 4345 655 4414 fluminis
674 4342 793 4414 vadum
810 4347 949 4436 graviter
966 4345 1161 4426 vulneratus,
1171 4364 1260 4436 terga
1273 4343 1349 4412 dare
1365 4365 1415 4412 co

232 4475 323 4528 natus
352 4479 411 4546 est,
439 4481 471 4530 et
493 4463 674 4556 priusquam
705 4461 880 4530 districtum
904 4479 1050 4530 nostrum
1068 4459 1226 4544 evaderet,
1246 4481 1361 4529 coecus
1381 4461 1414 4528 ia

288 4691 325 4746 (a)
345 4688 446 4738 ἢ...
468 4691 588 4750 dmm
608 4693 841 4750 cibamm·sxmpta
895 4691 929 4738 la
949 4691 1144 4750 remearem
1165 4691 1179 4736 ὁ
1199 4691 1286 4740 m
1307 4691 1416 4740 etum

229 4769 266 4824 (b)
280 4769 339 4818 rur.
354 4779 413 4818 texet
446 4769 480 4818 la
493 4773 625 4830 wambae
642 4773 734 4820 owed
746 4773 821 4818 aecae
838 4773 897 4818 aelle
922 4769 1073 4818 Verlextu
1101 4771 1238 4818 lectiam
1252 4771 1290 4818 ad
1311 4771 1413 4818 tiato-

230 4847 306 4894 rum
320 4854 364 4896 ete.
