3860 5884
595 529 621 584 1.
650 529 707 586 na
737 527 1053 586 casurusne,
1377 531 1416 600 93

141 771 203 820 roo
231 749 361 819 ditionis
369 751 503 832 semina,
512 765 566 820 aut
573 747 667 820 ullius
676 747 872 840 Guelpbicae
885 747 1032 820 factionis
1044 769 1152 838 opera,
1160 749 1239 840 quin
1249 747 1313 832 ilie,
1322 769 1420 840 quem

230 864 302 936 solo
317 864 405 950 odio,
418 863 507 957 quod
522 865 554 934 in
570 887 647 934 eum
661 865 786 934 occulte
799 865 892 956 gerit,
906 866 1039 934 extimat
1053 863 1233 950 inimicum,
1245 865 1310 934 iam
1321 887 1422 956 prope

230 983 271 1052 sit
289 1001 325 1052 ut
346 1005 478 1052 aureum
509 979 658 1050 diadema
683 982 843 1072 suscipiat,
870 981 911 1052 ad
941 981 1182 1072 impediendum
1212 983 1313 1072 ipsius
1337 983 1423 1072 regis

231 1099 330 1168 nostri
343 1099 557 1190 propositum,
571 1099 712 1170 Romam
729 1097 816 1168 illico
835 1097 972 1168 destinat
987 1096 1168 1168 Iohannem
1182 1095 1311 1167 fratrem
1326 1121 1422 1168 suum

231 1237 306 1283 cum
329 1231 465 1304 quatuor
482 1231 614 1282 centum
636 1211 805 1302 equitibus,
825 1209 905 1282 falso
924 1231 1032 1282 tamen
1046 1211 1218 1282 testificans
1233 1213 1314 1302 regi,
1332 1211 1421 1304 quod

142 1347 201 1416 ¹05
231 1331 335 1420 ipsum
359 1327 496 1398 destinat
519 1327 559 1398 ad
576 1329 732 1398 solemnia
754 1327 971 1398 coronationis
994 1351 1082 1412 suae,
1103 1349 1179 1396 cum
1195 1325 1235 1396 ad
1252 1325 1296 1410 id,
1315 1345 1350 1396 ut
1365 1323 1421 1396 de·

231 1443 397 1528 siderabat,
414 1445 619 1536 personaliter
634 1445 786 1514 interesse
801 1467 868 1514 non
892 1463 998 1534 posset
1013 1445 1058 1512 (¹).
1106 1444 1268 1514 Iohannes
1284 1445 1354 1525 iste,
1367 1442 1420 1512 ubi

232 1561 356 1632 Romae
377 1559 447 1645 fuit,
465 1559 551 1628 illico
569 1560 740 1650 pecuniam
758 1559 860 1630 fratris
879 1583 935 1650 per
949 1577 1095 1650 potentes
1114 1561 1280 1632 Romanos
1298 1559 1423 1650 sparsit,
1549 1585 1565 1592 ·

232 1693 267 1746 ut
280 1677 394 1766 potuit
439 1675 496 1744 sed
510 1676 651 1766 primum
663 1677 800 1745 Ursinos
813 1693 846 1744 et
858 1695 981 1766 partem
999 1673 1196 1766 Guelpbarn‚
1211 1674 1245 1744 in
1263 1673 1422 1764 quorum}

231 1807 387 1880 potestate
396 1809 463 1860 erat
476 1789 602 1860 basilica
613 1791 647 1860 S.
663 1791 759 1874 Petri,
773 1791 826 1860 ubi
840 1791 1024 1880 abantiquo
1039 1809 1233 1860 coronantur
1244 1811 1347 1880 reges,
1362 1787 1422 1856 sibi

144 1925 205 1974 tro
232 1903 315 1976 fidos
336 1927 373 1974 ac
391 1905 440 1975 sui
465 1905 591 1974 consilii
606 1905 772 1996 participes
790 1907 896 1974 statim
920 1905 1012 1990 secit;
1032 1905 1140 1976 multis
1158 1905 1268 1976 tamen
1287 1903 1422 1994 promis·

231 2019 374 2090 sionibus
399 2020 572 2090 sollicitans
595 2021 833 2104 Colonnenses‚
861 2021 887 2088 si
918 2043 974 2090 ens
998 2043 1203 2111 corrumpere
1226 2037 1334 2110 posset
1356 2017 1423 2088 ullo

233 2135 343 2206 modo.
395 2137 442 2206 eis
463 2155 572 2206 tamen
588 2137 750 2206 intentum
771 2157 867 2206 suum
886 2135 1006 2226 aperire
1029 2157 1097 2204 non
1113 2133 1219 2216 audet,
1238 2155 1423 2224 proponens

232 2251 353 2322 eisdem
369 2269 404 2320 ut
418 2273 486 2322 non
500 2251 678 2342 impediant
692 2251 875 2336 dominum,
890 2269 926 2322 ut
939 2273 997 2320 eos
1009 2273 1084 2320 cum
1097 2251 1221 2322 Ursinis
1235 2266 1423 2340 componat,

232 2367 437 2438 amicabiliter
465 2390 597 2459 operam
626 2368 710 2438 dare.
756 2387 787 2438 at
814 2387 985 2458 postquam
1008 2369 1106 2437 sensit
1135 2365 1370 2444 Colonnenses‚
1389 2365 1423 2434 in

145 2500 202 2566 115
232 2481 297 2553 fide
318 2485 401 2574 regis
425 2503 618 2566 constantes,
637 2483 731 2552 nullis
749 2481 891 2554 subdolis
910 2483 1014 2552 verbis
1032 2505 1137 2574 neque
1159 2479 1424 2572 promissionibus

233 2595 266 2664 in
283 2595 485 2686 propositum
503 2617 601 2666 suum
610 2593 702 2680 trabi,
716 2593 802 2664 illico
818 2593 938 2666 bellum
953 2595 1088 2688 sumpsit
1098 2613 1209 2666 contra
1220 2615 1287 2678 eos,
1301 2595 1424 2664 cunctis

232 2733 404 2802 procurans
428 2711 547 2780 viribus
569 2709 687 2802 pellere
709 2711 799 2802 ipsos
821 2711 908 2782 Urbe
923 2713 968 2780 (¹).

232 2962 266 3028 11,
287 2963 329 3034 85.
366 2961 398 3018 ln
421 2979 522 3018 auson
544 2962 713 3018 documento
735 2961 807 3018 delle
852 2963 911 3018 «ad
924 2963 1132 3020 coronationem
1147 2963 1263 3020 eandem
1278 2963 1367 3036 ipsum
1382 2979 1416 3018 ve

232 3043 376 3100 collationi
390 3043 471 3102 citata
486 3047 588 3102 trovasi
600 3045 736 3102 ricordato
745 3061 808 3118 que·
853 3068 868 3098 ι
877 3047 935 3104 nire
954 3049 1134 3120 contingeret,
1157 3059 1314 3122 sequeretur
1331 3049 1425 3120 gravia

232 3141 275 3186 sto
293 3127 410 3186 annuo
428 3129 462 3184 da
481 3129 624 3186 Marlinno.
852 3153 867 3184 c
878 3145 970 3206 posset
980 3131 1147 3190 turbationes
1159 3145 1187 3189 et
1198 3131 1327 3190 acandssa
1341 3133 1426 3188 susci·

267 3215 310 3286 (t)
330 3212 374 3270 ct
404 3213 467 3270 Ntc.
491 3213 581 3270 Βοτι.
605 3213 667 3288 906.
709 3213 732 3268 11
762 3213 805 3280 C..
851 3229 942 3284 «tate,
957 3233 989 3274 ac
1008 3215 1156 3272 multarum
1174 3217 1305 3288 gentium,
1324 3229 1351 3272 et
1366 3233 1426 3290 pre·

233 3313 313 3354 conte
336 3297 474 3354 ιννεηίνι
494 3297 514 3352 il
536 3297 694 3364 Domata,
718 3297 805 3354 Kritil
852 3301 956 3375 «cipue
979 3299 1143 3358 Gueliomm
1161 3313 1189 3357 et
1208 3299 1425 3364 Gebellinorum.

232 3381 276 3438 cler
301 3381 414 3452 anllnr,
438 3399 464 3454 p.
488 3396 523 3452 9²
557 3397 573 3436 e
596 3397 666 3454 sgg„
687 3397 744 3436 non
763 3397 806 3436 ac·
851 3385 989 3460 «copiosa
1010 3387 1152 3442 divcmitas
1177 3385 1211 3440 de
1232 3397 1280 3440 tua
1299 3395 1325 3440 et
1353 3385 1426 3456 regis

233 3481 320 3520 cenna
332 3465 367 3520 ad
379 3481 434 3520 una
449 3465 628 3520 ambascieria
642 3465 744 3521 ins-iata
759 3465 804 3522 dal
851 3469 1007 3526 «comitiva
1022 3482 1073 3526 etc.
1085 3489 1112 3526 a.
1139 3469 1161 3524 1l
1185 3468 1248 3524 doc.
1268 3467 1425 3540 pubbllcato

233 3567 261 3606 re
290 3549 411 3606 Roberto
429 3566 446 3605 a
476 3549 593 3606 Genava
616 3549 661 3606 nel
685 3551 805 3624 gennaio
849 3552 894 3608 dal
914 3553 1050 3620 Bonam,
1065 3571 1111 3628 op.
1131 3553 1175 3610 cit
1192 3549 1426 3620 1,216‚iorseri·

233 3633 277 3690 del
301 3649 375 3708 1312.
417 3633 458 3690 la
476 3651 619 3692 mammo
638 3635 730 3692 Pietro
748 3635 806 3692 Gu-
851 3638 1006 3712 comparira
1021 3637 1230 3710 integralmente
1250 3635 1287 3692 od
1301 3637 1331 3692 in
1345 3649 1426 3692 sunto

233 3717 346 3790 gilelmo
364 3719 392 3774 di
410 3719 593 3786 cannoto,
607 3717 761 3792 professore
778 3719 807 3774 di
851 3721 898 3778 nel
915 3738 1009 3778 nuovo
1028 3723 1140 3778 volume
1155 3719 1201 3778 del
1213 3723 1312 3794 Regno
1330 3719 1358 3776 as·
1369 3719 1426 3778 Cle·

232 3803 360 3872 ditione
375 3802 502 3860 Corrado
517 3803 715 3876 d'Aquavivam
730 3803 805 3876 quali
851 3813 930 3862 mle
952 3805 976 3862 V
991 3807 1078 3876 (mnu
1097 3805 1170 3876 vlt).

233 3901 400 3960 prestecota,
415 3907 431 3944 a
445 3905 529 3945 nome
547 3889 591 3944 del
607 3887 667 3944 loro
685 3889 804 3960 signore,
885 3891 929 3962 (a)
949 3889 1017 3946 nc.
1027 3893 1042 3945 l
1052 3889 1145 3963 finqni
1155 3889 1329 3945 euttissitno.
1360 3887 1427 3944 Gin-

233 3973 251 4028 il
279 3975 451 4046 muniunto
478 3973 506 4028 di
530 3971 637 4029 feretra
693 3973 703 4028 1
727 3974 805 4030 nomi
850 3973 933 4030 vanni
959 3973 1080 4046 d'Angib
1104 3973 1226 4048 principe
1249 3973 1277 4028 di
1302 3971 1426 4030 Taranta

232 4057 305 4128 degli
333 4057 525 4114 mbuciatori
549 4058 574 4114 ci
600 4073 671 4114 sono
697 4057 753 4112 dati
771 4056 806 4112 da
851 4074 919 4114 acea
931 4071 1066 4130 occupata
1081 4057 1172 4112 Roma
1187 4073 1240 4113 con
1255 4057 1324 4112 armi
1339 4055 1382 4110 del
1397 4071 1426 4110 re

234 4157 287 4196 una
314 4141 409 4198 lettera
438 4141 535 4216 papale
571 4141 659 4197 ‹lell'li
687 4141 805 4214 pennaio
852 4141 972 4198 Robetto
988 4159 1004 4198 e
1022 4141 1066 4197 dei
1079 4140 1237 4208 Fiorentini‚
1252 4138 1360 4212 quando
1379 4155 1427 4194 an·

236 4241 302 4297 ¹3¹²
319 4225 355 4282 da
373 4225 489 4294 Vienna,
507 4226 535 4282 in
554 4225 598 4282 cui
617 4225 762 4282 Clemente
781 4225 807 4278 V
853 4241 918 4281 cora
932 4224 1033 4296 Arrige
1047 4225 1185 4280 nomvasl
1203 4223 1231 4278 in
1243 4223 1367 4278 Genava
1405 4221 1426 4276 n

232 4307 366 4380 gimtifica
380 4327 410 4366 te
424 4309 545 4366 Robetto
560 4309 604 4364 del
620 4321 726 4366 monto
740 4326 809 4366 con·
853 4309 986 4372 Boram.
1010 4325 1054 4382 op.
1080 4307 1123 4364 cit
1143 4308 1177 4376 11,
1196 4321 1254 4374 crs,
1271 4304 1358 4362 rilevb
1379 4323 1428 4380 per

232 4393 313 4463 sigilo
331 4393 359 4450 di
377 4395 502 4450 minere
521 4393 739 4466 personalmente
755 4393 809 4450 alla
854 4393 944 4466 primo
959 4393 996 4466 gli
1021 4393 1106 4449 errori
1125 4393 1153 4447 di
1169 4391 1305 4450 Giovannl
1324 4391 1426 4446 villani

232 4477 445 4534 incoronanione
460 4477 609 4552 imperiale.
646 4477 703 4534 Tra
722 4477 748 4534 le
766 4493 809 4536 ra·
854 4478 910 4532 edi
923 4477 998 4532 Dino
1011 4475 1169 4548 Compagni
1183 4478 1329 4550 (pongono
1342 4475 1395 4530 essi
1408 4473 1427 4530 il

232 4561 308 4631 pioni
321 4560 432 4616 addocte
444 4579 492 4634 per
504 4577 612 4618 scusare
625 4577 718 4634 presso
731 4561 749 4616 1·
756 4561 809 4618 ina·
853 4563 964 4634 miggin
984 4561 1029 4618 del
1052 4559 1172 4634 principe
1190 4575 1271 4616 come
1290 4572 1426 4616 arvenuto

233 4657 357 4716 perante
374 4643 507 4710 ilrifiuto,
522 4645 637 4717 leggesi:
655 4645 752 4717 «quod
767 4645 809 4700 dl·
852 4645 1003 4719 nell'aprile
1018 4644 1062 4700 dcl
1080 4645 1159 4714 rara)
1171 4660 1188 4699 e
1202 4641 1222 4700 li
1236 4659 1358 4699 correme
1373 4659 1426 4700 con

235 4745 399 4786 eversunm
417 4729 533 4786 radan
547 4729 701 4796 nationum,
713 4745 767 4803 que
779 4743 807 4786 te
853 4729 879 4784 le
896 4727 1104 4786 testimonianze
1120 4725 1278 4782 mennam
1300 4725 1344 4782 dei
1364 4725 1426 4782 suoi

234 4811 436 4882 afflcuricum)
450 4825 478 4868 et
496 4829 560 4868 euna
573 4811 765 4886 (Rebeccam),
784 4815 807 4868 si
852 4809 1426 4882 docummnutdoccncvncnucxv).
