3860 5884
243 795 395 866 iniuriam
410 819 504 888 aegre
518 793 635 880 fenne,
650 817 759 886 opera,
772 793 893 866 tollitur
906 795 958 866 illa
973 795 1080 886 pestis.
1114 795 1231 886 quippe
1244 817 1321 866 cum
1335 819 1370 866 se
1384 817 1442 887 op·

245 933 365 1004 ponere
378 911 561 984 Theutouis
572 933 640 982 non
653 909 800 996 audeant,
812 911 1010 1001 protectione
1022 935 1134 1002 parum
1147 929 1292 1002 prosunt.
1334 929 1441 984 utrum

246 1029 405 1112 instantia,
427 1049 491 1118 qua
512 1047 658 1120 possunt,
680 1027 720 1098 ad
749 1051 860 1118 regern
883 1047 916 1098 et
938 1029 1007 1097 eius
1029 1027 1188 1118 principes
1211 1045 1305 1118 atque
1329 1023 1443 1096 humili

246 1143 473 1222 intercessione
495 1143 675 1232 proficiunt
721 1143 838 1236 quippe
861 1167 920 1214 nec
943 1144 1010 1234 ipse
1034 1145 1184 1226 Matteus,
1204 1143 1259 1234 qui
1278 1165 1353 1232 prae
1373 1163 1443 1212 cae·

154 1261 213 1346 165
243 1261 318 1332 teris
342 1277 410 1332 erat
432 1259 555 1332 civibus
578 1281 615 1330 ac
639 1259 817 1330 Gibellinae
840 1259 936 1350 partie
958 1259 1091 1351 primus,
1115 1283 1149 1328 se
1173 1259 1206 1328 in
1232 1257 1310 1330 urbe
1332 1277 1441 1328 tenere

243 1377 404 1468 nequiret
432 1375 586 1444 innocens
616 1377 723 1446 vivere
753 1375 842 1444 domi
872 1399 958 1447 suae.
1016 1397 1093 1446 nam
1123 1393 1196 1466 post
1221 1397 1340 1464 paucos
1371 1373 1440 1446 dies

244 1493 383 1564 Matreus
405 1492 439 1562 in
461 1493 522 1560 Ast
538 1491 592 1576 (⁸),
622 1491 740 1562 Galeaz
758 1489 842 1564 filius
865 1493 933 1564 eius
957 1493 1153 1576 Tarvisium,
1178 1495 1265 1562 iussu
1289 1491 1386 1582 regis,
1407 1493 1441 1562 in

243 1607 374 1679 exilium
395 1627 534 1698 pergunt
551 1607 597 1678 (¹).
643 1630 756 1678 verum
786 1607 845 1678 sibi
868 1607 1043 1699 plurimum
1066 1611 1177 1682 nocuit
1198 1608 1319 1678 invidia
1344 1629 1441 1700 atque

242 1723 455 1814 plurimorum
466 1723 475 1814 Ι
486 1745 598 1814 pavor,
608 1743 641 1794 et
652 1723 687 1782 θ)
697 1725 900 1814 magnatibus
909 1725 1087 1807 Gibellinis,
1097 1725 1211 1816 quibus
1220 1747 1278 1794 sua
1294 1747 1442 1796 crescens

157 1873 217 1942 ¹7⁰
244 1840 387 1930 potentia
402 1857 456 1910 aut
473 1837 587 1908 odiosa
602 1840 697 1912 nimis
716 1859 770 1911 aut
785 1841 912 1932 pavoris
928 1863 1023 1914 causa
1038 1841 1097 1910 fuit
1116 1840 1160 1910 l‘).
1209 1863 1284 1910 nam
1299 1840 1441 1932 plerique

244 1976 369 2038 eorum,
388 1954 466 2026 olim
489 1977 565 2026 cum
587 1955 657 2046 ipso
677 1955 800 2026 Matteo
818 1979 937 2048 magna
961 1957 992 2026 vi
1010 1975 1176 2048 regnante,
1200 1956 1385 2040 militantes,
1409 1957 1441 2026 in

245 2073 353 2146 castris
368 2071 450 2144 facta
461 2074 696 2165 conspiratione
711 2097 786 2144 cunr
798 2073 942 2146 hostibus
954 2075 1042 2146 iuxta
1050 2075 1086 2132 (⁴)
1099 2075 1260 2160 Meltinrn,
1273 2073 1354 2146 adeo
1369 2097 1444 2166 pro·

245 2207 431 2262 curaverant
450 2211 560 2260 tasum
571 2189 651 2271 eius,
670 2208 706 2260 ut
719 2211 832 2263 eorum
847 2211 946 2280 opera
959 2191 1017 2260 sub
1036 2191 1142 2280 specie
1158 2189 1340 2262 tractandae
1356 2191 1443 2282 pacis

245 2305 278 2374 in
302 2327 417 2376 manus
439 2303 560 2379 alberti
583 2305 696 2388 Scotti,
718 2327 817 2396 quem
846 2327 955 2376 cornes
983 2305 1129 2398 Philippo
1153 2306 1195 2377 de
1214 2307 1385 2396 Langosco
1409 2325 1441 2378 et

160 2451 196 2518 ¹7
199 2449 217 2518 5
246 2423 406 2492 Antonius
417 2420 457 2492 de
469 2421 616 2514 Firiraga
634 2441 834 2494 contraeunt
849 2423 1067 2506 incitaverant.
1083 2421 1279 2506 traditus,ex
1296 2421 1445 2494 dominio

247 2538 332 2608 urbis
349 2561 425 2610 suae
444 2561 481 2609 ac
493 2561 630 2629 magnae
647 2539 743 2630 partis
759 2539 908 2628 Liguriae
923 2537 1024 2608 lactus
1038 2539 1079 2608 sit
1093 2537 1169 2608 exul
1185 2561 1285 2629 usque
1300 2537 1341 2608 ad
1353 2537 1448 2608 huius

247 2655 329 2744 regis
353 2653 527 2728 adventum
543 2653 589 2724 (⁸).
635 2653 748 2744 reliqui
773 2676 860 2737 vero,
882 2651 962 2724 dum
981 2671 1090 2724 mente
1107 2653 1301 2744 recolligunt
1322 2671 1355 2724 et
1373 2675 1448 2722 exa·

249 2769 374 2840 minant
392 2771 598 2860 regnantium
618 2793 755 2851 rnorem,
773 2769 950 2862 specialiter
968 2771 1000 2840 in
1020 2769 1098 2840 urbe
1114 2789 1223 2840 nostra
1242 2794 1283 2840 ne
1303 2769 1371 2838 eius
1390 2791 1449 2858 po·

248 2883 345 2958 tentia
373 2883 494 2957 civium
523 2903 658 2974 occupet
688 2883 878 2967 libertatem,
911 2884 1036 2955 timent
1105 2883 1163 2954 sed
1191 2885 1278 2954 brevi
1297 2903 1447 2974 tempore
1510 2977 1515 2997 ι

303 3053 335 3108 l¹l
349 3051 409 3100 ilar.
422 3051 447 3098 ln
461 3053 541 3098 Ληιω
601 3051 634 3108 lb)
651 3051 694 3098 ne
707 3063 759 3098 narn
823 3053 852 3110 (cl
869 3051 911 3099 Bi
924 3059 962 3098 ant
976 3051 1056 3098 odiosa
1070 3051 1138 3098 nimis
1148 3051 1199 3108 luit,
1213 3059 1253 3098 ant
1265 3051 1357 3112 parorla
1370 3063 1445 3098 ausa.

252 3131 285 3190 ld)
299 3131 363 3182 uer.
377 3135 436 3180 ioata
459 3171 481 3180 ..

284 3285 328 3358 (r)
345 3283 497 3342 Dell'etilio
519 3283 545 3340 cli
570 3283 673 3338 Matteo
692 3299 707 3338 e
727 3282 753 3339 cli
773 3281 828 3339 Ga·
872 3281 1013 3339 «intendit
1030 3299 1114 3357 quarn
1130 3283 1163 3338 ad
1185 3283 1315 3356 praedam
1330 3293 1357 3338 et
1380 3283 1450 3358 rapi·

249 3369 350 3436 learao,
374 3369 512 3426 ricordato
535 3367 569 3422 da
596 3367 658 3422 tutti
681 3367 689 3422 i
714 3367 827 3424 cronisti
872 3383 971 3434 «nam,
987 3367 1109 3432 caedem,
1120 3379 1277 3423 mortemer
1292 3367 1451 3422 destructio·

250 3453 393 3520 lombardi,
403 3467 463 3510 race
470 3452 587 3509 linteolo
598 3451 633 3506 da
645 3451 778 3508 Botrinto.
795 3451 826 3507 In
873 3469 962 3508 anem
972 3451 1160 3510 Guellorum...
1170 3471 1195 3508 ι.
1217 3453 1288 3508 Data
1295 3451 1449 3508 Florentiae

250 3555 305 3594 una
316 3539 462 3594 nnnnone
477 3536 521 3592 ‹lei
531 3535 615 3610 priori
625 3535 762 3592 florentini
771 3535 828 3609 agli
872 3535 917 3592 die
926 3535 1103 3592 kalendarum
1114 3536 1214 3609 aprilis,
1226 3553 1316 3592 nonae
1326 3536 1451 3592 indictio·

251 3620 441 3678 ambasciatori
451 3619 829 3688 Glrerardode'Postici,Bo·
872 3620 915 3676 nis
930 3621 1035 3693 (13¹1).
1076 3619 1118 3676 Cf,
1134 3621 1161 3676 in
1178 3621 1312 3686 linuntur,
1328 3619 1361 3686 11,
1380 3621 1420 3676 ¹8.

250 3705 350 3762 uiiaaio
359 3705 394 3760 da
404 3705 490 3778 Signa
504 3721 520 3760 e
533 3703 727 3762 serGiovanni
735 3703 778 3760 de'
789 3703 830 3760 Si-
908 3705 951 3776 (a)
967 3704 1007 3760 La
1025 3703 1166 3760 defeeione
1190 3705 1234 3760 dei
1258 3703 1410 3760 Ghibellioi
1433 3722 1449 3761 a

251 3791 357 3846 minetti
372 3805 467 3864 presso
476 3789 503 3846 la
513 3789 599 3847 Curia
609 3803 733 3856 romana,
743 3789 771 3844 ln
783 3787 828 3844 coi
873 3789 977 3846 Matteo
992 3789 1127 3856 visconti,
1142 3789 1187 3845 tui
1210 3789 1302 3846 allude
1317 3789 1336 3846 il
1354 3789 1397 3856 C,
1418 3791 1451 3845 ri·

251 3875 407 3931 dacceuna
420 3873 723 3946 allepersecuaionidei
736 3871 828 3930 Guelli
872 3873 930 3935 tale
949 3873 975 3930 al
994 3875 1097 3948 giugno
1119 3873 1164 3931 rlel
1188 3891 1263 3948 1303,
1282 3875 1393 3949 quando
1405 3875 1451 3932 Al·

251 3959 280 4014 in
296 3969 366 4014 nstra
385 3957 560 4026 Lombardia,
578 3957 652 4032 dopo
671 3957 691 4014 il
708 3955 827 4014 tumulto
872 3961 949 4016 berto
970 3959 1076 4027 Scotto,
1095 3977 1165 4034 capo
1185 3960 1259 4018 della
1273 3959 1335 4034 lega
1350 3959 1450 4034 guelia,

252 4043 279 4098 dl
300 4041 414 4108 Milano,
437 4045 453 4098 e
477 4043 566 4100 detto:
592 4063 608 4094 e
626 4041 723 4098 Posuit
744 4042 828 4098 etiarn
872 4045 1007 4101 eonduoe
1022 4045 1048 4102 le
1067 4061 1116 4101 sue
1131 4045 1205 4120 genti
1225 4045 1450 4102 alienendratee

253 4125 439 4197 estinanter)
463 4127 491 4182 in
511 4125 665 4182 confinibus
683 4126 828 4182 dominum
873 4147 921 4204 per
939 4129 1062 4202 andargli
1077 4131 1204 4186 incontro
1216 4131 1235 4186 il
1248 4129 1374 4188 Visconti
1395 4147 1449 4187 con

253 4211 428 4284 ellapheunr
447 4209 609 4268 Viscootenr
633 4223 660 4266 et
683 4209 828 4266 dominum
873 4215 957 4270 isuoi
976 4233 992 4270 e
1011 4215 1090 4271 coni
1114 4215 1265 4272 Ghibellini
1290 4216 1396 4272 accorti
1415 4216 1449 4270 da

253 4315 268 4346 a
279 4294 426 4351 Galaesum
436 4295 494 4351 eius
506 4295 603 4362 filium,
613 4307 639 4350 et
654 4297 742 4351 bonos
754 4295 829 4350 viror
875 4299 1020 4372 bergamo,
1044 4299 1138 4366 Pania,
1152 4299 1264 4354 Novara
1283 4315 1299 4354 e
1320 4297 1449 4368 Vercelli,

254 4399 269 4430 ι
279 4379 356 4454 queri
371 4395 468 4436 ornnea
483 4379 585 4453 expulit
599 4379 635 4435 de
648 4381 706 4454 ipsa
718 4381 829 4436 civitate
873 4399 940 4458 pose
952 4381 971 4438 il
987 4399 1087 4458 earnpo
1101 4383 1143 4439 ira
1157 4383 1248 4440 Melro
1263 4401 1279 4440 e
1292 4383 1311 4438 il
1324 4383 1409 4456 luogo
1422 4383 1450 4438 di

254 4463 464 4534 «mediolano,
479 4477 507 4520 et
529 4463 588 4536 ipsa
611 4465 706 4520 civitas
732 4477 774 4520 eat
799 4464 828 4520 in
873 4467 902 4523 S.
917 4467 1041 4523 Brenno.
1083 4467 1127 4524 Cl.
1152 4469 1279 4534 Grutntr,
1297 4466 1372 4536 Vlll,
1400 4483 1449 4539 537

254 4547 411 4604 «condono
439 4547 557 4604 mmultu
587 4561 614 4604 et
644 4565 764 4616 rumore,
790 4549 829 4604 ita
873 4567 957 4624 eagg.
990 4551 1034 4610 ci
1049 4551 1243 4624 tuttoilparso
1254 4567 1308 4606 eon
1318 4549 1346 4606 F.
1358 4551 1450 4608 Prerur

255 4633 353 4706 equod
368 4649 433 4690 vere
444 4633 601 4706 dieipoteat
614 4633 689 4708 quod
708 4635 829 4691 mbieeta
875 4634 1193 4708 0nm.lv,xxvrr,7po:
1213 4635 1449 4692 «Annomcccnr.

254 4719 313 4774 etit
330 4717 451 4776 servituti
469 4731 497 4776 et
514 4719 612 4774 morti:
627 4731 655 4774 et
666 4719 830 4790 generaliter
875 4719 1038 4776 «Mattheus
1053 4719 1226 4786 vicecomes,
1241 4720 1288 4794 qui
1303 4733 1362 4776 erat
1379 4721 1451 4794 capi·

255 4801 370 4860 adicere
396 4817 543 4877 pontumue
565 4802 640 4878 quod
665 4803 830 4878 ubicumque
876 4819 996 4862 etaneua
1010 4805 1160 4862 Mediolani
1175 4818 1202 4861 et
1216 4805 1450 4879 imperiitiearius

256 4887 829 4961 «genennapoasehabetadnichilalind
875 4889 1143 4966 «generalie,qnnrn
1157 4891 1213 4946 iam
1228 4889 1451 4948 dominiumlle·
