3860 5884
502 533 545 601 54
908 533 911 538 ·
978 527 1226 585 nrsronm

500 743 737 822 studio'secum
756 751 898 821 exularet
921 750 959 820 ab
978 750 1067 834 urbe,
1086 752 1120 820 in
1139 749 1290 820 conflictu
1309 751 1432 841 Vaprii,
1454 773 1520 841 quo
1540 751 1641 820 Casto
1660 751 1700 822 de

499 868 530 936 la
542 868 647 937 Turre
663 867 787 951 cecidit,
804 886 924 958 captus,
938 868 972 937 in
988 891 1111 937 earcere
1128 865 1315 950 Mediolani,
1326 867 1493 938 triduanae
1507 867 1603 938 febris
1618 871 1699 959 igni·

502 984 588 1068 cnlo,
619 985 708 1054 nullo
740 983 850 1054 relicto
878 983 989 1084 libero,
1019 985 1121 1053 uitam
1149 983 1245 1054 dedit.
1293 986 1477 1054 Bonacossa
1499 987 1633 1075 Pagano
1660 984 1699 1055 de
1728 1001 1774 1048 20

500 1103 705 1170 Petrasancta
725 1119 799 1169 ante
822 1119 962 1169 mortem
984 1098 1087 1169 fratris
1110 1121 1219 1191 nupta,
1239 1100 1303 1169 hos
1323 1101 1495 1172 Rizardum
1519 1119 1550 1170 et
1580 1101 1700 1191 Philip-

500 1241 578 1308 pum
601 1219 723 1306 genuit.
770 1215 923 1289 Rizardus
941 1217 1047 1307 plebei
1065 1217 1215 1286 avunculi
1233 1239 1357 1286 nomen
1380 1239 1508 1307 gerens,
1522 1218 1699 1308 praeclarae

500 1332 604 1402 famae
615 1335 754 1416 iuvenis,
769 1351 802 1402 et
816 1334 937 1402 multae
954 1335 1078 1403 virtutis
1093 1331 1180 1415 dote,
1194 1355 1280 1424 quae
1291 1333 1425 1422 iuvenili
1436 1332 1446 1425 Ι
1458 1353 1560 1403 aetate
1572 1357 1700 1424 semper

500 1451 621 1540 gratior
652 1450 698 1536 fit,
730 1453 847 1542 quippe
875 1449 1066 1532 Florentiae,
1097 1451 1269 1532 Senatum,
1292 1451 1398 1519 Lucae
1428 1468 1460 1518 et
1483 1451 1634 1540 Pergami
1668 1471 1699 1519 et

500 1567 634 1637 aliarum
648 1566 849 1658 quarundam
869 1569 1035 1636 civitatum
1059 1584 1164 1637 rector
1179 1567 1291 1648 fuerat,
1311 1565 1431 1657 ubique
1446 1566 1618 1656 magnifiee
1631 1589 1700 1636 sese
1728 1579 1749 1626 2
1753 1581 1770 1646 5

499 1705 625 1772 gerens,
641 1683 775 1774 liquerat
790 1681 913 1752 celebre
937 1707 1058 1751 nomen
1082 1683 1162 1765 eius,
1186 1701 1218 1752 et
1242 1681 1420 1752 Mediolani
1445 1685 1567 1752 cunctis
1590 1701 1699 1774 gratus

500 1819 531 1870 et
556 1802 724 1891 gratiosus,
752 1817 974 1890 praeterquam
1002 1801 1166 1889 germanis
1192 1801 1262 1869 eius
1291 1798 1451 1869 nobiliore
1474 1818 1578 1869 matre
1606 1801 1697 1870 uatis.

499 1917 587 2006 ipsos
601 1917 706 2006 itaque
723 1915 896 1986 Riaardum
912 1935 945 1984 et
960 1916 1154 2007 Philippum,
1174 1917 1317 2006 plerique
1335 1939 1376 1984 ex
1395 1918 1509 1986 vicinis
1525 1935 1557 1986 ct
1576 1919 1698 2006 agnatis

499 2034 565 2102 suis
580 2033 698 2102 creduli
711 2034 860 2114 nimium,
867 2033 954 2102 civili
965 2033 1116 2102 nunciata
1129 2033 1314 2117 concordia,
1330 2034 1454 2115 armati,
1468 2053 1578 2104 contra
1587 2034 1699 2105 Theu-

499 2169 597 2218 tonos
620 2173 720 2240 usque
744 2151 783 2220 ad
808 2151 967 2220 Turriana
984 2153 1083 2220 Vasta
1106 2151 1207 2220 secuti
1229 2171 1315 2220 sunt.
1362 2175 1477 2220 verum
1506 2149 1562 2220 ubi
1580 2149 1698 2220 ibidem
1729 2158 1774 2225 30

499 2267 620 2336 nullam
636 2269 669 2336 in
685 2269 781 2336 armis
800 2265 943 2336 biveram
958 2267 1108 2358 nullaque
1124 2266 1285 2338 Gibellina
1302 2268 1395 2358 signa
1412 2266 1535 2352 vident,
1560 2268 1698 2338 bellinus

499 2403 532 2452 et
551 2383 766 2454 Colombinus
786 2383 825 2452 de
845 2385 1048 2453 Petrasancta
1067 2383 1153 2454 illico
1172 2407 1205 2452 se
1225 2383 1378 2474 deceptos
1401 2403 1522 2454 vocant
1540 2407 1578 2454 ac
1596 2384 1699 2474 primi,

499 2500 591 2571 flexis
620 2501 748 2586 fraenis,
774 2501 910 2572 redeunt
927 2500 1065 2572 domum
1072 2527 1082 2586 ;
1106 2500 1193 2570 idem
1209 2503 1325 2570 caeteri
1348 2501 1528 2573 Gibellinae
1551 2500 1698 2571 factionis

497 2618 621 2688 faciunt
639 2621 686 2686 (¹).

566 2735 691 2804 XXVI.
735 2737 889 2825 Dumque
903 2733 943 2802 de
959 2736 1081 2804 cunctis
1095 2753 1206 2826 portae
1217 2735 1334 2803 Novae
1348 2733 1487 2824 partibus
1495 2735 1531 2790 (Β)
1542 2735 1618 2805 illuc
1631 2757 1699 2804 eur·

497 2851 586 2934 ritur,
606 2849 785 2920 Zonfredus
808 2849 848 2920 de
867 2851 897 2918 la
913 2851 1018 2919 Turre
1033 2853 1088 2932 (Ι),
1107 2851 1180 2944 leui
1204 2851 1344 2920 cuiusvis
1363 2852 1545 2940 quaerentis
1570 2851 1603 2919 in
1622 2849 1698 2918 urbe

498 2963 702 3034 dominatum
715 2964 875 3054 displicuit
889 2987 1015 3055 semper
1023 2965 1169 3048 ambitio,
1182 2965 1321 3034 clamore
1334 2965 1444 3034 audito
1456 2989 1620 3050 exeussus,
1633 2987 1699 3056 quo

498 3079 677 3149 dormiebat
690 3099 744 3150 aut
763 3081 939 3172 aliqualiter
950 3081 1099 3150 alteratus
1113 3078 1296 3171 quiescebat
1312 3081 1407 3164 lecto,
1427 3080 1467 3149 ad
1485 3081 1649 3172 speculam
1664 3081 1698 3136 (θ

498 3219 568 3266 sese
587 3196 692 3281 trahit,
704 3217 823 3290 quanta
842 3220 924 3266 voce
936 3198 1042 3288 potuit
1059 3197 1240 3268 clamitans:
1262 3197 1351 3267 «heu
1364 3196 1443 3290 quid
1455 3197 1508 3266 hie
1519 3222 1579 3266 vos
1597 3197 1698 3280 coitis,
1730 3218 1748 3285 5

497 3315 615 3382 insani!
649 3313 724 3382 hinc
737 3312 831 3396 abite,
844 3335 911 3382 non
923 3313 1064 3396 tardetis,
1075 3313 1173 3398 abite;
1185 3336 1268 3404 quae
1277 3332 1398 3382 temere
1411 3313 1590 3404 sumpsistis
1600 3335 1699 3394 uma,

499 3427 670 3518 deponite:
686 3429 812 3518 quibus,
828 3447 933 3498 vestra
949 3447 1083 3520 urgente
1102 3429 1238 3513 insania,
1252 3427 1326 3513 heu,
1347 3451 1415 3498 non
1435 3428 1535 3498 modo
1548 3446 1698 3512 uestram,

498 3543 576 3632 quin
600 3543 703 3610 immo
727 3566 834 3612 meam
864 3563 1118 3634 cunctorumque
1138 3567 1202 3614 una
1225 3545 1346 3614 civium
1365 3567 1481 3614 necem
1503 3543 1698 3634 quaeritis».

499 3657 579 3726 haec
605 3659 648 3726 ita
675 3655 789 3728 flustra
812 3659 1007 3728 vociferante
1040 3659 1215 3744 Zonlredo,
1239 3659 1382 3750 dumque
1404 3661 1552 3730 instantis
1579 3681 1700 3750 pavore

553 3918 585 3974 (ι)
599 3917 641 3964 Bb
657 3917 761 3965 lecerunt
829 3919 912 3976 (blssb
931 3919 989 3966 Cum
1008 3919 1078 3979 igitur
1096 3921 1125 3968 de
1144 3919 1233 3967 conctis
1250 3919 1352 3980 partibus
1372 3929 1451 3982 portae
1467 3921 1548 3968 Norae
1614 3923 1645 3980 le)
1659 3921 1700 3966 Aa

500 3999 592 4057 apecula

536 4245 578 4316 (r)
594 4231 654 4300 En
677 4243 754 4318 figllo
776 4245 804 4302 di
826 4243 983 4302 Canevario
1002 4245 1075 4302 della
1124 4259 1198 4304 mata
1216 4247 1252 4302 da
1270 4243 1304 4303 ll.
1322 4245 1473 4314 Mussaro,
1497 4247 1564 4303 Hm.
1580 4247 1647 4320 Aug.
1666 4245 1702 4313 11,

501 4329 624 4389 Torree
652 4329 759 4388 fratello
779 4349 795 4387 a
820 4333 932 4404 Pagano
955 4348 1077 4388 vescovo
1124 4332 1194 4386 rubr.
1217 4349 1236 4401 r,
1261 4332 1312 4389 che
1340 4349 1397 4388 uon
1422 4329 1449 4387 la
1476 4332 1631 4406 comparire
1653 4331 1699 4386 nel

500 4417 654 4477 diPadova
687 4416 805 4474 etue.
814 4417 1007 4492 stessoalcap.
1017 4415 1078 4472 XV.
1123 4416 1242 4472 tumulto
1253 4415 1345 4473 Guido
1356 4415 1427 4472 della
1437 4415 1562 4484 Torre,e
1575 4415 1598 4472 si
1612 4415 1701 4470 limita

501 4501 541 4558 La
555 4515 631 4576 parte
646 4501 674 4558 di
689 4503 796 4576 pariere
812 4503 863 4559 che
878 4503 898 4560 il
913 4502 946 4559 C.
960 4501 1080 4558 attribui·
1124 4501 1158 4556 ad
1174 4500 1328 4557 allennare:
1355 4518 1435 4576 equo
1453 4501 1544 4557 statim
1571 4499 1701 4556 conflictu

500 4603 546 4643 sce
565 4604 581 4643 a
599 4586 735 4644 Zonfredo
755 4587 826 4644 della
846 4587 945 4656 Torre‚
968 4587 989 4642 il
1013 4587 1079 4644 Fra·
1124 4606 1139 4636 ι
1152 4585 1287 4642 Guidonis
1299 4587 1398 4642 domus
1411 4587 1560 4654 excisaest,
1573 4585 1634 4660 ipso
1644 4601 1701 4640 uon

501 4689 586 4738 aero,
602 4671 649 4740 IV,
671 4672 747 4742 1062,
766 4673 793 4728 la
815 4689 930 4746 assegoa
954 4687 1079 4728 erronea·
1125 4669 1702 4746 «comperto,supellecriliadirepra,aenea

501 4771 594 4816 mente
612 4757 668 4814 allo
680 4771 768 4816 stesso
784 4757 877 4816 Guido
890 4757 962 4814 della
975 4756 1078 4824 Torre;
1125 4769 1280 4829 «argentea
1302 4773 1382 4824 vasa,
1405 4755 1496 4829 gravis
1520 4756 1590 4812 aeris
1613 4771 1701 4822 arma,

501 4859 548 4899 ma
566 4841 593 4898 la
609 4843 736 4900 versione
753 4842 799 4902 del
819 4853 915 4900 nostro
937 4844 952 4896 e
974 4839 1080 4898 conier-
1125 4840 1213 4916 sequi
1228 4854 1389 4914 caeteraque
1404 4857 1475 4916 quae
1489 4843 1574 4898 &eu
