3860 5884
655 537 1110 594 nescessitatum.
1429 523 1470 608 67

287 753 420 826 densam
439 777 621 848 properans,
642 757 726 826 haud
745 757 842 848 longe
857 779 875 824 a
893 759 1002 846 portis,
1017 759 1175 828 Henricus
1193 757 1275 828 sistit
1290 757 1349 826 iter
1366 781 1473 841 suum,

287 869 372 940 uude
386 890 493 962 portas
505 872 637 956 clausas,
649 895 759 942 muros
775 875 902 942 armatis
918 874 991 942 vin's
1006 873 1117 964 plenos
1131 875 1238 944 sentit.
1283 891 1359 942 tunc
1374 873 1473 944 electa

287 987 409 1068 arbore,
430 987 521 1077 iqua
539 987 623 1056 illico
642 989 749 1056 miseri
767 987 907 1078 pendant
930 987 1038 1072 vades,
1061 989 1164 1058 exutis
1186 987 1354 1078 superioris
1378 1005 1474 1078 togae

195 1120 261 1186 250
288 1099 446 1170 vestibus:
486 1099 669 1184 «festinate,
693 1103 797 1192 inquit
821 1101 965 1185 vadibus,
989 1103 1139 1172 nuntium
1172 1101 1295 1172 bonum
1318 1121 1351 1172 et
1371 1099 1473 1172 fidum

287 1215 380 1284 nobis
398 1217 524 1286 mittite.
571 1219 632 1300 cui,
650 1219 677 1286 si
695 1241 759 1308 qua
776 1219 869 1290 vobis
887 1219 987 1288 estin
1005 1219 1083 1288 urbe
1100 1217 1192 1302 fides,
1209 1216 1301 1288 detur
1322 1219 1377 1308 qui
1392 1241 1474 1289 nun·

287 1331 359 1414 ciet,
383 1353 443 1400 vos
467 1351 561 1422 atque
585 1331 718 1404 alterum
740 1333 920 1402 Antonium
943 1335 1051 1422 etqui
1081 1356 1155 1402 cum
1177 1355 1218 1403 eo
1241 1331 1417 1404 Mediolani
1440 1335 1473 1404 in

287 1445 357 1516 aula
374 1449 458 1538 regis
480 1467 565 1530 sunt,
588 1450 622 1518 ni
647 1467 770 1518 vestrae
788 1447 873 1518 urbis
896 1451 1025 1518 moenia
1043 1449 1127 1518 illico
1146 1447 1306 1540 patefiant,
1326 1473 1474 1540 pessmus

287 1560 432 1630 horridae
450 1564 536 1632 necis
552 1563 586 1620 (⁸)
606 1585 732 1648 casum3
751 1565 966 1654 nuncientque
981 1561 1182 1634 Laudeuscm
1197 1585 1313 1654 agruim
1324 1563 1474 1634 incendio

196 1691 257 1760 255
287 1675 470 1748 fumrums.
511 1701 572 1750 nec
590 1681 678 1772 plura
699 1681 858 1772 inquiens,
877 1683 941 1750 iam
960 1680 1000 1750 ad
1021 1679 1157 1750 famulos
1186 1703 1315 1752 versus:
1339 1681 1474 1770 «injice,

288 1789 388 1872 lictor,
408 1791 577 1863 amborum
596 1793 745 1886 laqueum
764 1795 847 1864 collo
859 1821 890 1862 a.
937 1813 969 1864 at
981 1795 1143 1866 Antonius
1160 1793 1200 1864 de
1216 1794 1332 1886 laque
1355 1795 1473 1867 intans

287 1929 374 1978 arcto
393 1927 487 2000 atque
506 1929 652 1978 extremo
671 1932 755 1992 casu,
768 1933 826 1980 nec
837 1911 887 1980 sui
905 1911 1087 1994 immemor,
1104 1933 1164 1980 nec
1183 1911 1325 1980 desertor
1338 1911 1408 1995 fuit,
1424 1911 1474 1982 in·

286 2025 413 2114 quiens:
442 2025 668 2109 amaresciale,
689 2045 756 2094 non
775 2023 834 2094 bac
857 2025 988 2095 intrabis
1010 2025 1123 2096 urbem
1148 2027 1216 2094 via:
1239 2025 1393 2116 opinione
1415 2049 1473 2096 sua

287 2137 404 2208 fallitur
415 2139 609 2230 quicumque
619 2157 710 2232 putat
721 2141 880 2210 intentum
901 2139 985 2230 regis
996 2140 1110 2237 exequi
1123 2159 1227 2210 morte
1242 2159 1359 2210 nostra.
1405 2163 1473 2210 non

196 2269 261 2332 260
287 2255 332 2326 sic
357 2254 505 2345 panditur
530 2255 592 2324 ulla
617 2255 702 2326 urbis
727 2273 833 2346 porta;
859 2256 960 2347 quinl
978 2255 1081 2324 imrno
1104 2256 1210 2328 cuncti
1233 2257 1352 2326 civium
1374 2257 1472 2326 animi

288 2368 474 2440 claudentur
499 2371 601 2452 vobis,
628 2393 703 2440 cum
725 2371 881 2440 senserint
910 2393 1020 2441 casum
1043 2391 1201 2454 nostrum,
1231 2389 1264 2440 ct
1286 2393 1341 2462 spe
1364 2371 1473 2442 salutis

287 2485 388 2574 posita
397 2483 442 2569 ⁰),
462 2485 646 2576 priusquam
664 2485 705 2554 de
723 2483 885 2555 deditione
908 2485 1091 2575 loquantur,
1113 2505 1226 2554 cuncta
1248 2503 1391 2556 extrema
1409 2485 1473 2576 pari

287 2599 415 2684 volent3
435 2621 573 2670 umatus
591 2601 711 2670 etenim
733 2623 789 2690 per
807 2623 916 2670 muros
935 2601 1020 2670 cives
1043 2601 1184 2685 cemitis;
1203 2623 1258 2670 eos
1277 2624 1344 2670 non
1364 2621 1473 2691 aspera

286 2735 318 2786 et
336 2715 454 2788 furiosa
468 2717 645 2803 crudelitas,
660 2718 717 2788 sed
730 2719 944 2810 magnanimis
955 2717 1123 2790 clementia
1138 2719 1298 2788 revocabit
1312 2719 1351 2788 ab
1367 2717 1472 2788 armis

196 2839 257 2922 265
287 2831 414 2915 credite,
430 2833 543 2922 inquit,
559 2833 649 2916 mihi,
665 2833 738 2902 licet
751 2833 875 2904 miseris
890 2833 1024 2901 minima
1042 2831 1122 2902 fides
1137 2831 1239 2916 detur,
1250 2831 1339 2902 nullo
1352 2849 1475 2922 praeter

286 2969 340 3018 me
358 2947 473 3016 nuntio
490 2947 525 3016 in
548 2949 608 3016 lrac
625 2967 713 3038 parte
731 2969 813 3038 opus
831 2965 899 3017 est:
921 2946 1065 3038 prolecto
1083 2947 1152 3015 sine
1175 2968 1229 3017 tne
1252 2945 1388 3016 mittitur
1404 2945 1473 3036 qui·

287 3059 363 3130 libet
380 3059 460 3131 alius
478 3059 601 3130 bostra
647 3085 710 3153 ego
730 3081 836 3132 autern
851 3062 950 3145 solus,
961 3061 1103 3154 quisquis
1116 3060 1263 3130 fortunae
1279 3081 1368 3130 casus
1382 3058 1472 3142 ierat,

286 3195 447 3268 utcunque
460 3176 671 3268 respondeant
683 3177 1016 3268 cives,inpotestatem
1024 3173 1417 3246 vestramillicorediturus
1428 3173 1474 3257 (θ),

287 3291 407 3382 placeat
416 3291 527 3376 modo,
535 3292 660 3376 vadam,
670 3292 796 3382 explere
806 3292 994 3364 mandatum
1006 3315 1041 3362 ac
1049 3291 1247 3362 voluntatem
1260 3291 1472 3381 regisqueoa.

197 3429 260 3496 270
287 3406 335 3474 his
355 3407 470 3496 itaque,
489 3429 570 3498 quae
593 3407 659 3476 veri
677 3405 919 3477 similitudinem
942 3407 1158 3490 continebant,
1180 3405 1283 3488 dictis,
1305 3402 1377 3472 data
1398 3402 1473 3486 fide,

287 3519 435 3592 dimissus
453 3545 587 3614 propere
604 3523 640 3578 (⁴)
658 3523 691 3593 in
711 3523 822 3592 urbem
841 3523 1139 3614 Antoniuslvcnit3
1163 3539 1296 3592 cunctos
1319 3521 1405 3590 cives
1424 3519 1472 3588 in-

287 3657 415 3704 cursans
427 3635 687 3727 amplexansque,
700 3637 857 3728 plerisque
868 3657 959 3728 spem
971 3635 1060 3704 vultu
1074 3633 1238 3718 simulans,
1250 3633 1371 3702 bonam
1388 3635 1472 3724 regis

287 3751 484 3822 voluntatem
494 3755 634 3836 nunciat,
643 3769 839 3843 cunctosque
852 3773 918 3822 uno
929 3775 965 3820 ac
976 3749 1115 3842 generali
1126 3771 1275 3821 sermone
1286 3747 1473 3830 laetificans,

286 3871 331 3938 eis
350 3869 495 3960 sperandi
515 3893 643 3940 causam
662 3869 771 3940 dabat:
791 3869 878 3952 alios,
897 3887 1009 3960 utpote
1027 3867 1221 3938 domesticos
1239 3886 1272 3938 ct
1290 3865 1471 3950 familiares,

197 4005 257 4072 275
287 3983 466 4074 lacrymans
484 4009 578 4055 suum
596 4003 771 4056 etsuorum
782 4003 963 4054 extremum
976 4005 1085 4054 casum
1099 3982 1203 4052 docet.
1248 3981 1379 4052 tandem
1395 4005 1472 4050 cun·

288 4101 346 4170 ctis
365 4099 578 4184 familiaribus,
597 4101 751 4192 proximis
770 4119 801 4170 et
824 4101 933 4170 amicis
955 4099 1100 4190 precibus
1122 4117 1270 4169 oneratus
1284 4097 1330 4180 (·),
1356 4119 1393 4166 ac
1414 4118 1472 4166 sua

287 4219 400 4307 cuique
418 4214 491 4286 data
514 4239 598 4299 cura,
618 4217 650 4286 in
673 4217 736 4284 iam
756 4213 927 4306 frequentis
951 4235 1079 4284 senatus
1102 4213 1250 4306 pavidam
1273 4211 1398 4282 turbam
1417 4233 1472 4280 va-

287 4331 344 4415 dit,
367 4332 471 4422 ibique
497 4331 681 4402 huiusmodi
709 4331 805 4402 verba
829 4331 974 4402 habuisse
990 4331 1112 4400 dicitur.
1162 4347 1263 4420 apost
1278 4325 1472 4420 pestiferunt,

286 4449 399 4540 inquit,
423 4449 520 4534 cives,
540 4449 655 4540 quibus
678 4467 792 4520 cuncta
813 4448 892 4517 scire
919 4449 1002 4530 licet,
1025 4447 1185 4516 Gnidonis
1203 4445 1243 4514 de
1266 4445 1296 4513 la
1314 4443 1418 4514 Turre
1440 4461 1473 4512 et

339 4751 545 4810 (aulanaaortla
598 4749 797 4808 (blnbamoalta
851 4747 1110 4808 lelnbuaaecllllee
1162 4747 1336 4806 (dlnapropa
1390 4745 1472 4802 (elna

287 4831 389 4878 mna
