3860 5884
487 509 532 576 24
923 507 1173 566 HISTORIA

486 729 655 812 laborasse,
669 729 777 798 multis
791 728 930 798 inductis
942 732 1055 812 causis,
1067 731 1286 820 periculosum
1303 748 1477 800 asserentes
1489 729 1584 798 huius
1597 731 1678 819 regis

486 845 671 930 adventum,
695 847 746 915 cui
765 845 939 915 affirmabat
955 846 988 900 (¹)
1008 845 1047 914 de
1063 846 1144 915 facili
1164 868 1258 934 posse
1271 848 1383 926 resisti,
1408 873 1423 910 a
1437 845 1514 914 dum
1531 845 1570 912 ad
1581 845 1591 936 l
1604 845 1677 913 resi·
1707 867 1747 932 25

486 960 646 1043 stendum,
669 964 772 1051 inquit
790 961 835 1043 (b),
859 963 1026 1030 unanimes
1050 963 1123 1044 sint,
1147 963 1202 1050 qui
1229 984 1269 1029 ex
1298 961 1390 1030 nobis
1414 982 1557 1050 praeesse
1580 961 1678 1030 velint

488 1075 600 1145 vicinis
623 1077 733 1146 suis».

530 1193 623 1260 XIII.
669 1196 712 1260 At
736 1191 846 1262 Guido
868 1192 909 1260 de
930 1193 958 1260 la
978 1194 1093 1277 Turre,
1116 1217 1212 1282 quern
1237 1192 1383 1262 stimulus
1403 1192 1586 1261 ambitionis
1605 1214 1679 1260 exa-

486 1310 575 1398 gitat,
591 1307 650 1375 hac
662 1309 748 1376 inani
763 1327 794 1376 et
805 1309 904 1398 longa
920 1309 1140 1379 consultorum
1152 1308 1367 1398 disputatione
1378 1308 1411 1364 (⁶)
1425 1307 1537 1388 lessus,
1550 1306 1590 1376 de
1602 1328 1680 1376 con·

486 1422 557 1491 silio
576 1445 727 1512 praeceps
742 1423 805 1492 abit
824 1424 1015 1493 vociferans:
1038 1424 1139 1516 «quid
1159 1423 1222 1492 hoc
1238 1423 1353 1492 videol
1389 1447 1445 1492 cur
1461 1445 1527 1492 non
1547 1445 1679 1492 concor·

487 1537 567 1606 diter
584 1538 812 1628 quodcumque
831 1563 933 1608 unum
949 1541 1118 1608 consilium
1135 1541 1259 1630 capitisl
1298 1539 1337 1608 ad
1353 1559 1493 1608 mortem
1507 1541 1679 1630 praecipiti

487 1652 594 1738 video,
608 1655 690 1723 saltu
702 1677 764 1724 nos
782 1674 874 1744 urget
889 1657 1030 1723 insania!
1079 1657 1192 1725 iratum
1210 1654 1342 1746 quidem
1359 1657 1508 1724 existimo
1524 1673 1617 1745 atque
1632 1657 1681 1723 in·
1709 1683 1725 1748 5

487 1769 603 1838 festum
627 1771 719 1839 nobis
732 1773 850 1854 Deum,
864 1772 918 1860 qui
933 1773 1073 1860 primurn
1087 1771 1179 1838 nobis
1195 1771 1230 1827 (⁴¹)
1243 1771 1414 1840 consilium
1430 1769 1542 1854 aufert,
1566 1769 1680 1840 deinde

487 1885 598 1954 dubito
610 1909 652 1954 ne
668 1886 824 1954 deteriora
835 1905 1007 1976 sequantur
1017 1913 1047 1955 n.
1083 1889 1200 1975 itaque,
1212 1907 1301 1954 more
1314 1885 1495 1954 bacchantis
1507 1909 1562 1976 per
1576 1887 1681 1976 ampla

486 2001 583 2069 fertur
605 2001 693 2084 atria,
713 2019 816 2070 totam
839 2003 981 2070 circuens
1005 2002 1110 2070 aulam
1138 2004 1259 2071 incerto
1282 2025 1387 2092 passu,
1417 2003 1503 2090 itque
1525 1999 1680 2092 reditque,

487 2115 627 2183 eundem
639 2116 674 2170 (θ)
694 2118 818 2206 saepius
837 2118 869 2184 in
890 2119 1056 2185 communi
1072 2139 1257 2186 sermonem
1281 2117 1430 2199 referens,
1449 2115 1576 2198 deinde,
1601 2117 1680 2185 inte·

487 2232 570 2299 riora
593 2231 721 2300 aedium
744 2251 900 2321 repetens,
925 2235 1174 2302 immurmurans
1186 2233 1221 2287 (f)
1251 2233 1311 2300 sibi
1337 2233 1417 2300 soli:
1451 2231 1565 2321 «quid
1589 2231 1680 2314 mihi,
1715 2258 1753 2306 to

488 2347 600 2437 inquit,
624 2371 699 2416 cum
724 2349 865 2416 Henrico
895 2349 949 2416 illo
973 2348 1193 2430 Theutonico‚
1223 2371 1321 2438 quern
1341 2367 1485 2416 asserunt
1507 2347 1570 2416 huc
1594 2371 1681 2416 acce-

488 2459 560 2528 dere
576 2461 585 2550 ᾖ
603 2461 728 2529 turbare
747 2463 891 2552 quietum
911 2482 1029 2531 statum
1048 2463 1183 2532 meum?
1228 2465 1426 2532 contraxime
1445 2463 1571 2552 genitor
1590 2484 1681 2530 meus

488 2579 615 2646 secuml
662 2597 816 2647 teneome
835 2577 894 2646 sibi
912 2579 1022 2667 pacto!
1070 2580 1198 2668 ignoro,
1223 2577 1310 2647 hunc
1331 2578 1499 2654 hominem
1526 2601 1594 2648 non
1627 2602 1681 2647 co·

488 2695 599 2782 gnovi,
623 2717 727 2783 neque
751 2717 893 2784 unquam
916 2693 1026 2762 vidi».
1073 2692 1189 2762 deinde
1212 2696 1360 2784 agitatus,
1379 2693 1496 2784 diuque
1520 2693 1613 2762 huius
1632 2693 1680 2763 fu·

488 2809 567 2876 roris
586 2808 716 2878 verbere
739 2808 898 2900 fatigatus,
915 2809 1107 2878 collaterales
1127 2831 1213 2892 suos,
1233 2810 1287 2899 qui
1310 2808 1418 2900 pavidi
1437 2808 1599 2877 turbatum
1623 2809 1680 2878 do·
1713 2835 1749 2899 15

488 2924 614 2992 minum
638 2923 761 2993 deiecto
794 2943 971 3014 sequuntur
993 2925 1094 3008 vultu,
1119 2923 1158 2990 ad
1188 2943 1351 3006 sevocat,
1375 2923 1506 3014 quibus:
1543 2923 1680 3006 «dicite,

487 3043 600 3130 inquit,
613 3059 802 3110 tenemurne
819 3041 962 3109 Henrico
977 3040 1017 3110 de
1030 3040 1261 3131 Lucimburgh,
1277 3041 1388 3109 nescio
1404 3040 1614 3108 Theutonico
1628 3039 1681 3108 vel

487 3156 682 3246 Allobrogo!
721 3155 798 3246 quid
812 3156 905 3225 nobis
918 3179 1059 3247 unquam
1074 3156 1216 3238 contulit,
1230 3155 1315 3224 unde
1327 3155 1393 3224 ullo
1406 3157 1474 3224 iure
1486 3153 1587 3223 sibila)
1601 3177 1679 3222 ven-

488 3271 581 3354 dicet,
596 3293 678 3361 quae
697 3272 870 3340 tenemus?
888 3299 904 3336 n
966 3295 1032 3340 non
1049 3269 1159 3352 defuit,
1177 3291 1211 3340 ut
1230 3271 1266 3340 fit
1281 3275 1314 3340 in
1331 3273 1401 3340 aula
1420 3272 1609 3360 principum,
1630 3291 1679 3360 ty·

487 3387 607 3454 rannici
622 3407 757 3455 assertor
775 3387 872 3455 verbi.
919 3389 1021 3454 immo
1041 3409 1107 3454 uno
1127 3409 1182 3455 ore
1206 3389 1313 3456 omnis
1336 3388 1455 3476 inquit:
1484 3385 1601 3469 anihil,
1621 3385 1679 3454 do·
1708 3410 1751 3458 20

488 3502 575 3570 mine
588 3502 642 3586 003
661 3525 716 3570 cur
735 3525 801 3570 non
821 3502 916 3591 igitur
934 3503 1002 3570 iura
1022 3521 1131 3572 nostra
1149 3502 1351 3571 defendimus
1373 3502 1386 3568 l
1409 3527 1425 3566 n

555 3620 646 3686 XIV.
694 3617 844 3687 Tandem
868 3619 900 3686 hi
924 3620 1079 3708 Ligurum
1091 3619 1120 3674 (ἰ)
1137 3619 1293 3708 principes
1317 3617 1418 3701 nullo,
1440 3636 1475 3686 ut
1498 3617 1605 3700 fertur,
1623 3641 1680 3708 per

490 3757 665 3802 commune
689 3733 885 3823 colloquium
909 3732 1042 3802 fundato
1064 3736 1229 3824 proposito
1252 3734 1430 3803 inconsulte
1450 3733 1585 3802 domum
1603 3733 1613 3822 l
1630 3757 1679 3802 re·

490 3848 599 3916 deunt.
659 3867 733 3919 sunt
755 3849 810 3938 qui
832 3867 977 3918 assemnt
997 3851 1149 3918 comitem
1168 3849 1403 3940 Philipponem‚
1424 3850 1593 3918 Simonem
1613 3848 1678 3918 Ad·

489 3983 653 4048 vocatum,
668 3967 849 4034 Antonium
866 3964 905 4033 de
920 3965 1075 4056 Fissiraga
1087 3984 1119 4034 et
1143 3966 1352 4036 Guilielmum
1369 3965 1678 4046 Cavalcabovem(¹),

489 4103 570 4171 quos
593 4102 686 4169 supra
709 4081 896 4164 memoravi,
913 4079 1016 4164 nullis,
1041 4098 1094 4148 aut
1108 4081 1215 4170 paucis
1234 4079 1301 4148 aliis
1321 4079 1477 4164 adhibitis,
1498 4103 1572 4164 curn
1590 4103 1677 4171 prae·
1707 4111 1724 4176 5

489 4195 555 4266 sato
568 4195 729 4278 Guidone,
741 4197 923 4286 priusquam
939 4195 1125 4265 Mediolano
1140 4194 1348 4277 discederent,
1365 4197 1423 4264 alia
1442 4215 1583 4286 captasse
1601 4218 1677 4264 con·

543 4430 574 4487 (a)
590 4431 632 4476 Bb
645 4429 756 4476 affirmant
816 4431 847 4486 (b)
864 4427 1084 4486 scaenamque
1137 4430 1170 4486 (c)
1186 4430 1232 4474 Bt
1247 4429 1411 4487 disceptatione
1460 4431 1493 4488 (d)
1510 4431 1552 4476 Aa
1569 4441 1679 4476 monea-

490 4511 638 4556 merreevobls
684 4513 964 4568 (elflbmancaeundetu
1012 4509 1249 4566 (Ilemurrnurant
1299 4513 1331 4568 (g)
1348 4515 1390 4558 Ba
1405 4525 1488 4558 mattea
1503 4511 1544 4556 albi
1586 4512 1679 4568 (11)Βὺ

488 4603 567 4636 ornnes
577 4592 630 4636 nihil
646 4592 750 4651 lnqniunt
764 4605 805 4639 cur
866 4593 890 4648 (i)
906 4592 948 4638 Bb
962 4590 1116 4648 Guelphorum
1131 4590 1242 4647 Ligurum

526 4805 568 4876 (ι)
585 4803 627 4860 ct.
642 4817 706 4860 nota
726 4807 771 4878 piu
784 4803 901 4860 innanzi.
939 4803 1052 4868 Quanto
1068 4805 1094 4862 al
1110 4821 1202 4874 nome,
1218 4803 1252 4860 cl.
1266 4803 1331 4862 Nic.
1343 4803 1432 4862 born.
1447 4805 1499 4861 lter
1513 4805 1571 4861 Ital.
1587 4805 1646 4878 892.
1712 4769 1716 4778 Ι
