3860 5884
487 518 528 584 3²
954 519 1199 578 HISTORIA

485 738 692 824 currentibus,
712 757 746 808 ut
769 739 816 823 fit,
835 742 946 823 causis,
971 743 1122 830 opinione
1146 743 1333 828 multorum,
1354 748 1454 814 nostri
1477 748 1559 836 regis
1583 749 1674 818 citior
1701 752 1744 818 80

485 857 641 925 adventus
658 855 727 925 firit.
775 855 907 926 demum
927 881 1012 927 anno
1039 877 1111 949 post
1137 862 1337 930 nativitatem
1361 863 1496 932 Domini
1516 885 1672 950 mecca,

483 975 548 1040 iam
570 995 669 1063 prope
697 973 837 1042 collectis
868 973 985 1064 ubique
1008 975 1174 1059 messibus,
1199 977 1279 1046 circa
1307 977 1425 1048 festum
1453 979 1483 1048 b.
1508 981 1672 1050 Michaelis

484 1081 653 1180 arcangeli,
678 1089 810 1179 Alpibus
833 1091 996 1179 superatis,
1027 1091 1208 1161 Taurinum
1233 1095 1323 1164 venit
1334 1096 1378 1164 (¹).
1437 1115 1514 1165 tunc
1545 1098 1672 1182 Italicis,

484 1205 651 1294 praecipue
670 1204 881 1273 Lombardiae
903 1205 1097 1296 principibus
1121 1225 1152 1274 et
1175 1209 1343 1296 magnatis,
1362 1209 1396 1276 in
1420 1231 1590 1279 occursum
1614 1213 1672 1280 sibi

484 1320 684 1402 exeuntibus,
704 1319 785 1388 adeo
804 1319 962 1409 benignus
981 1341 1013 1389 et
1032 1341 1217 1391 mansuetus
1236 1325 1389 1412 apparuit,
1409 1343 1444 1394 ut
1470 1347 1581 1394 comes
1600 1328 1674 1396 Phi·
1703 1331 1744 1416 85

484 1436 586 1527 lippus
604 1455 637 1504 et
656 1438 815 1505 Antonius
835 1435 875 1504 de
894 1437 1061 1527 Pissiraga,
1082 1461 1219 1528 quorum
1234 1461 1326 1508 mens
1345 1441 1480 1509 minime
1500 1461 1585 1510 certa
1596 1463 1673 1528 erar,

486 1551 603 1620 blando
623 1551 835 1640 clementique
858 1571 986 1640 receptu
1005 1553 1092 1634 victi,
1111 1553 1206 1622 literis
1225 1572 1257 1622 et
1279 1555 1405 1622 nunciis
1429 1555 1573 1625 Guidoni
1593 1581 1674 1626 nun·

485 1669 584 1736 cient:
601 1668 610 1757 l
625 1690 734 1757 regem
750 1667 888 1756 benigne
908 1691 1017 1736 secum
1031 1691 1134 1758 agere,
1144 1691 1264 1759 eosque
1283 1669 1429 1738 familiari
1444 1693 1481 1738 ac
1496 1671 1674 1744 domestico

488 1788 622 1858 consilio
640 1789 724 1878 regis
743 1811 810 1858 non
835 1788 945 1857 ultima
965 1789 1040 1857 sede
1059 1789 1180 1858 locatos
1198 1788 1278 1872 fore,
1297 1813 1402 1882 neque
1426 1789 1560 1860 dubitari
1580 1814 1675 1883 opor-

486 1921 563 1986 tere,
576 1903 654 1992 quin
670 1903 735 1993 ipse
751 1921 782 1970 et
796 1903 909 1971 caeteri
925 1901 1070 1972 factionis
1084 1925 1159 1971 suae
1178 1905 1346 1994 principes,
1359 1925 1448 1972 novo
1467 1907 1550 1996 tegis
1570 1906 1674 1986 titulo,
1703 1927 1748 1992 90

486 2017 575 2086 domi
599 2041 675 2088 suae
697 2037 821 2107 regnet,
843 2039 982 2108 quorum
1010 2019 1146 2088 consilio
1174 2039 1287 2088 cuncta
1311 2019 1569 2091 Lombardorum
1592 2020 1674 2090 facta

486 2157 541 2203 rex
560 2133 727 2224 disponere
746 2133 829 2202 velle
847 2135 982 2203 videtur.

554 2251 641 2318 Haec
657 2250 711 2318 ubi
722 2250 872 2318 nunciata
886 2269 961 2319 sunt
970 2249 1123 2332 Guidoni,
1138 2249 1216 2340 ipse,
1231 2269 1266 2319 ut
1280 2268 1391 2319 natura
1403 2249 1492 2318 ferox
1504 2269 1581 2335 erat,
1595 2255 1675 2320 truci

484 2367 616 2456 ingenio
635 2384 729 2456 atque
747 2367 793 2434 ira
816 2367 970 2449 concitus,
994 2367 1084 2434 cuius
1107 2366 1152 2434 rei
1168 2389 1242 2456 prae
1262 2367 1391 2435 caeteris
1411 2367 1579 2456 impatiens
1598 2387 1674 2450 erat,

487 2481 716 2550 conscientiam
732 2482 816 2570 regis
835 2483 868 2549 in
890 2504 924 2549 re
947 2503 1003 2548 sua
1025 2483 1059 2550 in
1083 2504 1159 2550 eum
1175 2483 1324 2564 metiens,
1340 2503 1414 2550 cum
1437 2503 1492 2572 spe
1518 2481 1672 2572 deposita,
1703 2504 1744 2569 95

486 2621 576 2668 more
594 2597 787 2666 furiosorum
803 2617 906 2666 vestes
920 2619 993 2666 suas
1008 2597 1166 2680 dilacerat,
1183 2599 1293 2666 insana
1309 2619 1345 2665 ac
1359 2599 1487 2668 terribili
1500 2621 1580 2668 voce
1596 2623 1674 2670 con·

486 2714 577 2782 tinuo
600 2712 705 2782 aulam
727 2713 835 2802 replet,
859 2731 991 2782 cunctos
1014 2733 1177 2782 execratur
1200 2716 1331 2796 amicos,
1355 2735 1474 2804 eosque
1497 2715 1675 2804 proditores

485 2847 591 2912 vocat,
610 2827 690 2896 nihil
709 2830 783 2896 certi
802 2847 858 2896 aut
875 2845 960 2896 tutae
983 2825 1058 2895 fidei
1077 2849 1218 2898 asserens
1242 2851 1376 2917 usquam
1399 2852 1478 2897 esse.

552 2948 595 3014 At
619 2945 759 3013 Matteus
781 2943 981 3025 Vicecomes,
1005 2965 1101 3034 quem
1123 2946 1230 3012 omnis
1263 2944 1519 3014 Lombardomm
1544 2946 1674 3014 exulum

487 3060 593 3146 factio,
617 3084 698 3150 quae
721 3062 755 3128 in
774 3059 956 3129 Taurinum
979 3059 1207 3150 praeveneratll
1226 3058 1400 3128 adventum
1423 3059 1522 3145 ducis,
1545 3081 1580 3130 ut
1602 3083 1675 3151 pro·
1709 3079 1771 3128 too

486 3177 590 3267 prium
615 3176 730 3244 ducem
748 3177 911 3265 quaeritat,
931 3195 962 3243 et
981 3175 1083 3265 plorat
1102 3173 1275 3258 absentem,
1300 3193 1376 3244 tunc
1394 3177 1546 3266 temporis
1565 3177 1598 3246 in
1614 3195 1674 3246 ter·

488 3292 596 3361 ritorio
616 3291 796 3361 Veronensi
814 3293 896 3360 intra
912 3291 1040 3358 moenia
1054 3290 1238 3380 Nogarolae
1249 3289 1284 3346 (¹)
1297 3288 1438 3359 latitabat
1455 3291 1606 3374 inclusus,
1623 3315 1675 3360 so·

488 3406 620 3476 litatiam
640 3425 733 3496 atque
749 3407 879 3496 inopem
896 3408 996 3475 vitam
1011 3404 1132 3496 degens
1143 3405 1189 3487 (²),
1206 3407 1294 3474 cuius
1311 3405 1448 3476 absentis
1463 3427 1584 3475 nomen
1601 3429 1676 3476 cum

541 3618 572 3674 (a)
583 3617 631 3668 Aa,
642 3615 681 3662 ab
696 3611 825 3672 Longurott

487 3808 538 3848 suo
556 3793 675 3863 signore,
693 3789 820 3846 tacciono
841 3789 902 3845 tutti
921 3789 931 3844 i
949 3787 1060 3844 cronisti
1105 3791 1195 3844 munti
1212 3789 1263 3844 allo
1282 3791 1341 3844 clud
1359 3789 1387 3845 ed
1406 3791 1433 3843 aa·
1451 3789 1573 3844 marchesi
1590 3787 1616 3843 di
1633 3789 1677 3844 So·

487 3877 515 3932 di
529 3889 624 3948 questa
639 3877 692 3932 eta.
1104 3875 1182 3945 lurra,
1197 3873 1322 3942 Saluaao,
1340 3873 1415 3946 1830,
1430 3886 1508 3929 tomo
1524 3873 1571 3940 lll,
1584 3891 1610 3946 p.
1628 3889 1676 3946 ¹⁰9

523 3960 566 4030 (1)
580 3959 779 4032 L’imperatore
794 3958 889 4032 giunoe
909 3960 936 4014 in
952 3957 1058 4014 Totino
1104 3975 1192 4032 esgg.

488 4046 507 4100 il
528 4061 562 4118 30
579 4043 686 4100 ottobre
709 4059 782 4116 ¹3¹⁰·
819 4043 859 4099 lvi
878 4061 1057 4116 comparuero
1134 4043 1676 4118 (2)G.Ftau.inllan.l.,cccmtx,720,

489 4131 541 4188 alla
552 4147 600 4186 sua
610 4145 739 4204 presenza
752 4129 813 4184 itte
826 4129 872 4202 piu
885 4127 989 4202 potenti
999 4129 1058 4202 capi
1103 4130 1204 4186 scrire:
1222 4129 1294 4184 «sed
1304 4127 1439 4184 Mattheus
1448 4129 1621 4194 Vicecomes,
1630 4127 1676 4200 qui

488 4217 515 4272 di
523 4229 597 4290 parte
604 4213 695 4288 guella
701 4213 871 4286 dopoGuido
879 4213 951 4269 della
958 4211 1057 4269 Totte:
1105 4235 1120 4266 α
1130 4215 1158 4270 in
1169 4213 1349 4270 Brixienaibus
1359 4213 1490 4288 privatam
1499 4215 1584 4270 vitam
1598 4214 1678 4270 duce·

488 4301 629 4374 Filippone
645 4301 672 4356 di
687 4299 833 4370 Langosco
846 4299 955 4370 signore
970 4298 998 4352 di
1012 4299 1060 4353 Pa·
1107 4321 1121 4350 a
1131 4301 1177 4354 bat
1191 4303 1239 4356 &c
1250 4321 1274 4355 ιι.
1312 4299 1371 4356 Ora
1384 4299 1404 4354 il
1417 4301 1450 4354 C.
1461 4299 1530 4356 cida
1545 4311 1676 4373 percerto

488 4389 542 4455 via,
555 4387 668 4444 Simone
687 4383 760 4457 degli
778 4383 914 4440 Avvocati
931 4381 959 4438 di
977 4381 1061 4438 Colo·
1105 4383 1205 4456 ch'egli
1219 4386 1242 4440 si
1256 4383 1329 4440 losse
1341 4385 1437 4440 mucce
1450 4384 1552 4440 ricirato
1566 4383 1594 4439 in
1613 4383 1676 4456 quel

489 4474 570 4528 biano
589 4475 698 4544 signore
717 4469 745 4524 di
763 4467 882 4524 Vercelli
903 4485 918 4524 e
937 4465 1076 4524 Antonio
1104 4469 1132 4523 di
1144 4468 1287 4536 Veronae
1301 4468 1678 4542 precisamenteaNogarola,

488 4557 516 4610 di
531 4556 665 4628 Fissiraga
683 4555 793 4626 signore
812 4554 839 4609 di
858 4552 935 4608 Lodi
970 4551 1002 4606 Li
1021 4568 1060 4606 se·
1106 4553 1132 4610 ai
1145 4553 1246 4609 confini
1255 4555 1299 4609 del
1310 4555 1486 4611 Mantovmo.
1524 4551 1678 4608 loconler·

489 4641 608 4714 gnivano
627 4641 636 4695 i
655 4639 790 4697 marchesi
808 4637 950 4694 Mmlredo
969 4635 996 4692 di
1015 4635 1061 4690 Sa·
1106 4655 1152 4692 ma
1164 4637 1475 4706 ilFmrtrro,lll,roat:
1496 4637 1678 4694 clndeVero-

490 4729 567 4782 luuo
582 4723 980 4781 eTeodntodclMonlerrato.
1018 4719 1060 4776 cf.
1107 4737 1196 4776 «uam
1218 4723 1359 4788 accedeus,
1386 4723 1468 4778 trium
1489 4721 1580 4795 lapsus
1595 4737 1678 4776 anno·

376 4869 380 4882 ,
491 4807 1061 4880 Dhumrn,memoratae-aptavere
1106 4805 1264 4860 «rumdam
1278 4807 1474 4863 Bartholomeo
1489 4805 1523 4863 de
1541 4805 1567 4862 la
1587 4807 1677 4874 Scala,
