3860 5884
462 547 504 615 70
930 546 1206 604 ansanum,

462 767 569 850 libera,
585 785 617 836 et
628 766 721 836 rebus
741 767 905 859 hospitum
915 767 1020 850 salvis,
1034 786 1173 838 mercato
1193 769 1302 836 vivant
1319 767 1365 850 (¹),
1384 767 1501 857 quippe
1513 765 1652 833 floreno·

463 907 535 952 rum
550 885 838 954 mediolanensium
858 885 897 953 ad
909 907 968 952 vos
980 886 1114 954 veniunt
1123 885 1219 974 pleni.
1265 886 1416 975 exponite
1427 905 1483 974 per
1495 883 1582 952 vicos
1595 905 1651 950 ve-

465 999 558 1081 nalia,
577 999 690 1089 quibus
703 1019 810 1089 egent,
829 1017 861 1068 et
875 1000 1005 1091 implete
1021 999 1128 1068 bursas
1140 999 1149 1091 fl
1159 1018 1278 1070 vestras
1294 999 1436 1068 nummis
1448 1023 1479 1065 n.
1526 995 1653 1080 deinde,

464 1115 566 1205 largas
590 1114 725 1184 fundens
745 1116 912 1203 lacrymas,
930 1133 1003 1205 post
1025 1135 1201 1207 stuporem,
1224 1116 1375 1185 ultimum
1397 1112 1531 1183 verbum
1556 1111 1652 1181 dixit:
1681 1141 1698 1206 3
1704 1141 1747 1206 50

470 1227 695 1310 «Deliberate3
715 1227 831 1296 malitis
849 1228 966 1316 potius,
985 1252 1059 1296 cum
1075 1245 1164 1296 tanto
1184 1227 1365 1296 discrimine
1381 1245 1498 1309 vestro,
1515 1243 1653 1294 mortem

466 1357 619 1422 nostram,
639 1363 736 1430 quam
750 1362 810 1409 vos
824 1359 931 1410 vestro
945 1342 1119 1410 commodo
1132 1342 1301 1410 nobiscum
1313 1340 1419 1409 salvos
1435 1363 1503 1410 esse
1514 1339 1555 1406 ia
1605 1339 1653 1406 his

466 1456 612 1544 lacrymis
631 1457 716 1525 cives
730 1458 818 1540 victi,
832 1456 976 1546 pandunt
990 1457 1171 1526 Theutonis
1183 1456 1268 1525 urbis
1284 1475 1401 1547 portas.
1447 1473 1524 1524 tunc
1539 1476 1654 1523 omnes

467 1571 712 1641 introducuntur
730 1591 870 1642 extorres
889 1593 921 1641 et
940 1574 1144 1664 antiquorum
1164 1573 1295 1642 exulum
1312 1591 1461 1641 natorum
1479 1572 1556 1654 nati,
1575 1591 1656 1660 quo-

466 1711 538 1756 rum
557 1688 699 1778 plerique
717 1687 863 1758 nesciunt
882 1687 997 1758 domos
1016 1711 1089 1757 suas
1102 1689 1148 1758 (²).
1685 1714 1747 1781 355

534 1807 577 1872 At
590 1803 644 1873 nbi
656 1829 712 1873 rex
726 1805 868 1873 deditam
879 1805 990 1874 urbem
1001 1806 1130 1896 recepit,
1142 1805 1328 1886 exercitum,
1343 1827 1439 1894 quem
1454 1819 1564 1871 contra
1574 1803 1656 1870 lau-

469 1921 583 1991 denses
602 1921 750 2003 edixerat,
770 1922 853 1991 illico
873 1942 966 2012 atque
986 1923 1153 1992 instantius
1171 1924 1272 2011 parari
1282 1922 1316 1978 (⁸)
1335 1921 1434 2005 iussit,
1455 1921 1657 1990 Cremonen·

469 2037 555 2106 sibus
579 2061 614 2106 ac
629 2037 844 2107 Brixiensibus
859 2037 984 2128 publice
998 2036 1142 2107 hostibus
1158 2040 1326 2122 nunciatis,
1341 2059 1479 2127 quorum
1498 2059 1585 2104 nova
1603 2034 1658 2104 de·

470 2149 565 2220 lectio
578 2153 717 2242 exagitat
728 2151 866 2220 nimium
879 2171 1021 2221 mentem
1033 2153 1111 2221 eius.
1142 2153 1258 2242 itaque,
1271 2154 1381 2222 iterata
1390 2151 1555 2242 praeconis
1564 2171 1657 2230 voce,

470 2267 604 2340 edicitur
622 2270 654 2336 in
677 2267 749 2337 foro
776 2267 953 2360 iustitiumll
970 2269 1115 2336 tabernas
1139 2268 1271 2352 clausas,
1294 2293 1372 2360 quas
1391 2269 1543 2338 stationes
1566 2288 1658 2334 voca·
1687 2281 1752 2365 360

470 2403 554 2465 mus,
572 2381 718 2450 victualia
735 2399 842 2471 parata
850 2382 895 2466 (Ι),
916 2400 1009 2473 atque
1022 2382 1169 2452 vehicula
1187 2382 1269 2451 intra
1284 2381 1396 2452 urbem
1416 2405 1524 2451 coram
1544 2378 1659 2450 officia·

470 2496 551 2567 libus
564 2496 679 2567 adhoc
693 2495 849 2589 deputatis
863 2500 1065 2589 praesentari,
1079 2517 1275 2588 cunctosque
1286 2498 1340 2588 qui
1355 2521 1412 2588 per
1423 2515 1560 2566 aetatem
1573 2517 1660 2564 arma

470 2613 550 2683 serre
565 2633 709 2705 possunt,
722 2615 811 2704 equis
822 2633 854 2682 et
866 2617 961 2683 armis
973 2614 1058 2684 illico
1070 2633 1195 2706 paratos
1206 2638 1284 2687 esse.
1331 2633 1407 2683 tunc
1422 2631 1510 2682 tanta
1525 2635 1566 2680 ex
1577 2611 1660 2702 agris

471 2731 505 2798 in
520 2729 632 2798 urbem
643 2729 954 2822 plaustrorum(que)
970 2731 1062 2820 copia
1073 2730 1252 2800 introducta
1268 2749 1324 2812 est,
1340 2749 1376 2799 ut
1394 2753 1462 2799 non
1478 2727 1578 2799 modo
1592 2725 1661 2794 fora

472 2862 504 2912 et
522 2844 581 2912 alia
592 2844 661 2912 loca
673 2846 868 2927 communia,
881 2868 994 2914 verum
1008 2845 1237 2914 coenobiorum
1249 2863 1282 2914 et
1293 2845 1425 2914 aliamm
1441 2844 1660 2933 religiosarum
1690 2855 1751 2938 365

473 2959 645 3029 domomm
662 2961 763 3049 spatia
778 2960 924 3050 plaustris
939 2961 1025 3029 illico
1039 2961 1132 3050 plena
1146 2961 1237 3030 fiunt.
1284 2962 1400 3051 quippe
1417 2958 1457 3029 ad
1474 2961 1537 3028 hoc
1553 2956 1633 3027 cons
1649 2997 1661 3010 -

474 3098 547 3148 runt
578 3077 753 3168 burgomm
784 3099 878 3169 atquc
905 3079 1099 3169 oppidorum
1130 3080 1327 3161 communia,
1354 3078 1480 3168 quibus,
1507 3077 1663 3166 obsequio

473 3193 567 3282 regia,
586 3191 674 3282 quod
692 3191 819 3261 insolita
838 3209 932 3282 atque
950 3216 1036 3261 nova
1053 3215 1103 3262 res
1119 3211 1178 3275 est,
1196 3194 1393 3275 immunitas,
1410 3211 1441 3262 et
1460 3193 1588 3280 antiqua
1602 3191 1663 3281 pri·

474 3307 591 3396 vilegia
603 3305 682 3376 nihil
695 3323 841 3397 prosunt,
850 3307 927 3396 quin
940 3305 972 3375 id
982 3329 1080 3396 grave
1094 3329 1220 3396 semper
1234 3329 1318 3377 onus
1330 3307 1465 3388 rusticis,
1475 3326 1588 3374 verum
1601 3305 1664 3373 hoc

475 3439 621 3510 tempore
638 3419 733 3488 solito
749 3419 857 3489 durius
876 3422 1020 3488 maximo
1037 3418 1158 3488 damno
1181 3419 1295 3489 ferunt.
1341 3443 1417 3488 nam
1437 3419 1605 3488 Theutoni
1618 3417 1663 3502 (⁶),
1694 3443 1757 3514 370

476 3551 646 3624 postquam
672 3532 784 3604 urbem
814 3532 954 3623 undique
981 3531 1156 3624 vehiculisl
1174 3534 1304 3626 plenam
1331 3533 1451 3616 vident,
1475 3555 1541 3601 non
1565 3528 1665 3600 modo

531 3777 560 3832 (a)
576 3775 638 3822 Mur.
650 3777 726 3834 pacari
781 3777 813 3834 (bt
824 3777 884 3823 rtur.
898 3785 980 3835 pacata
1046 3779 1078 3836 (c)
1093 3779 1135 3824 Bt
1148 3777 1203 3838 quln
1217 3776 1357 3824 vehlculula'
1366 3775 1482 3835 obsequia.
1495 3789 1566 3834 grave
1578 3787 1667 3834 nuper

478 3868 536 3901 auus
548 3855 639 3902 rmticle
648 3857 756 3911 villarum,
765 3865 876 3916 matare
886 3867 1004 3916 cogantur.
1023 3870 1101 3904 terum
1110 3857 1154 3905 hoc
1162 3867 1261 3918 tempore
1269 3859 1336 3904 solito
1344 3857 1423 3904 durius
1431 3869 1459 3904 ac
1468 3855 1566 3904 maximo
1573 3864 1667 3902 conmo-

479 3935 692 3994 rumburgenslutn,
706 3935 869 3994 oppidanorum
881 3949 909 3982 rc
922 3937 1057 3984 rusticorum
1071 3939 1155 3984 dantrm
1170 3939 1225 3986 illud
1238 3951 1297 3985 aaut
1311 3937 1366 3992 inlu
1379 3951 1432 3985 uam
1446 3937 1561 3984 Thetitoul

515 4149 608 4222 (1)Cs.
617 4153 644 4206 ln
656 4151 797 4224 proposito
809 4151 886 4208 l'atro
900 4151 973 4209 della
985 4155 1054 4226 paci·
1099 4153 1160 4228 898,
1175 4155 1227 4209 che
1242 4171 1258 4209 a
1272 4155 1413 4229 proposito
1427 4153 1472 4208 del
1484 4153 1605 4226 pericolo
1620 4153 1669 4208 mi·

478 4235 1053 4310 ficarionediLodipubbllcatoeillustrato
1098 4238 1240 4294 nacciante
1266 4238 1337 4294 Lodi
1366 4238 1477 4295 scrisse:
1508 4237 1668 4309 «praedicta

479 4320 668 4388 dalVrnun'rr,
683 4337 727 4395 op.
741 4321 788 4379 cit.
801 4321 848 4388 ΙΙΙ,
862 4338 978 4380 xcvme
992 4341 1052 4397 agg.
1099 4335 1183 4380 «acta
1201 4335 1264 4380 sunt
1282 4324 1354 4380 circa
1379 4323 1462 4380 finem
1488 4323 1670 4395 Quadrageai·

515 4409 558 4478 (a)
574 4407 673 4472 Questi
690 4406 750 4462 fatti
765 4406 867 4480 esposti
882 4408 927 4462 dal
946 4409 978 4464 C.
999 4425 1052 4464 con
1097 4429 1112 4460 α
1123 4425 1184 4462 mae
1194 4427 1223 4475 »ς
1236 4407 1332 4474 infarri,
1342 4426 1357 4464 a
1367 4427 1461 4464 mezzo
1470 4407 1489 4462 il
1500 4425 1558 4480 cap.
1568 4405 1669 4473 XXIX,

479 4501 554 4544 unta
566 4491 675 4545 virecta
690 4489 868 4544 drammatica
880 4490 903 4545 si
912 4489 1051 4564 riportano
1096 4490 1116 4545 il
1125 4491 1158 4546 C.
1171 4491 1245 4566 dopo
1261 4509 1341 4548 avere
1354 4505 1504 4548 accennato
1520 4491 1546 4546 al
1558 4491 1668 4563 viaggio

481 4570 535 4642 agli
553 4571 641 4628 ultimi
663 4573 754 4644 giomi
778 4573 807 4628 dl
830 4575 983 4646 quareslma
1007 4574 1051 4630 del
1097 4575 1123 4630 di
1138 4575 1237 4632 Enrico
1250 4575 1302 4632 Vll
1317 4594 1333 4631 a
1346 4577 1439 4646 Pavia,
1452 4593 1467 4632 e
1480 4575 1533 4631 alla
1543 4575 1671 4631 concilia·

485 4669 558 4725 ¹3¹¹·
593 4655 633 4710 Lo
655 4673 778 4729 provano
796 4656 910 4713 l’ordine
928 4657 974 4714 del
996 4674 1054 4713 rac·
1097 4659 1175 4714 tione
1191 4659 1218 4714 di
1236 4658 1275 4714 lui
1289 4676 1343 4716 con
1358 4660 1462 4716 Matteo
1476 4659 1609 4726 Visconti,
1624 4675 1671 4714 av·

481 4751 564 4793 conto
579 4738 652 4794 nella
666 4753 760 4796 nostra
775 4757 901 4808 cronaca,
921 4759 936 4796 e
954 4741 980 4796 la
995 4759 1053 4814 pre·
1096 4754 1185 4799 verte:
1209 4763 1224 4794 ι
1236 4743 1278 4798 Ad
1297 4743 1350 4798 alia
1367 4743 1563 4800 transeundum
1581 4755 1622 4798 est
1641 4754 1671 4797 ut

480 4821 553 4876 alosa
583 4824 790 4880 testimonianze
821 4825 848 4880 di
875 4825 939 4882 Nic.
962 4826 1051 4882 Bora.
1099 4827 1190 4883 «haec
1206 4829 1294 4900 aptius
1312 4827 1391 4883 nobis
1411 4839 1590 4884 occurrant».
