3860 5884
613 589 639 644 1.
667 589 725 644 ne
754 587 1069 644 cenneuars.
1396 591 1433 658 31

253 695 317 704 —
604 689 1435 700 ——ffl-—u-—ffl

251 813 351 896 lactis,
370 811 508 880 multum
529 829 694 902 promptus
714 828 745 880 et
764 809 883 896 audax3
898 811 952 900 qui
972 833 1045 900 prae
1073 811 1201 879 caeteris
1221 811 1352 880 exulum
1369 813 1439 880 Me·

250 927 382 1009 diolani,
408 927 505 994 veteri
532 927 708 996 Turrianae
732 925 847 995 domus
875 923 951 994 odio
976 927 1129 1010 concitus,
1153 925 1235 996 adeo
1257 925 1439 1016 partialibus

180 1069 224 1138 5⁰
249 1043 361 1114 studiis
380 1041 504 1110 deditus
526 1063 651 1132 semper
670 1041 740 1126 fuit,
758 1063 792 1110 ut
814 1061 984 1132 postquam
1003 1041 1143 1132 corporis
1167 1059 1198 1110 et
1221 1041 1320 1110 animi
1346 1043 1439 1126 vires,

250 1157 337 1228 adid
355 1156 466 1226 liberas
485 1176 578 1247 atque
600 1177 763 1248 promptas
792 1157 889 1240 dedit,
909 1158 993 1227 nulla
1009 1181 1117 1247 aspera
1136 1179 1168 1226 et
1186 1159 1283 1226 ardua
1298 1181 1440 1250 unquam

251 1273 428 1346 Gibellinae
441 1275 538 1363 partis
550 1276 678 1364 negotia
698 1273 810 1342 frustra
825 1275 834 1364 fi
849 1274 995 1364 sumpsit.
1038 1273 1089 1342 hic
1105 1293 1275 1364 postquam
1299 1273 1339 1342 ad
1354 1299 1440 1364 pera·
1518 1324 1524 1338 .

249 1391 391 1482 gendam
415 1411 624 1460 communem
648 1391 881 1461 Gibellinorum
906 1412 1045 1473 causam,
1069 1391 1226 1480 Ligurum
1249 1392 1373 1460 nullum
1400 1415 1441 1460 ex

250 1507 440 1600 primoribus
459 1507 589 1576 exulum
604 1508 790 1592 Mediolani,
810 1529 949 1597 quorum
968 1509 1138 1576 auctoritas
1158 1507 1290 1577 ubilibet
1308 1531 1439 1600 praepo·

183 1649 220 1714 55
250 1623 356 1694 nenda
374 1643 451 1708 erat,
469 1624 694 1693 rationabiliter
712 1625 782 1713 plus
801 1647 897 1714 quam
916 1645 972 1693 sua
991 1623 1112 1714 impelli
1126 1646 1221 1713 posse
1238 1623 1334 1709 videt,
1354 1625 1442 1694 nullo

249 1739 384 1829 privato,
396 1740 605 1808 communive
620 1737 762 1807 subsidio
776 1737 912 1818 adiutus,
925 1737 1034 1806 relicto
1050 1738 1210 1806 literarum
1227 1738 1351 1820 Studio,
1365 1761 1442 1806 ven·

251 1853 323 1924 di:is
341 1853 439 1936 libris,
452 1877 591 1945 quanam
608 1855 711 1942 potuit
729 1855 875 1942 pecunia,
893 1851 957 1920 fide
975 1873 1113 1942 sumpta,
1130 1875 1229 1944 equos
1245 1857 1443 1944 recuperavit

251 1987 282 2040 et
298 1991 395 2038 arma
441 1971 537 2038 unico
557 1969 663 2058 itaque
682 1969 817 2036 ronzino
836 1991 969 2058 ungero,
989 1993 1046 2058 per
1068 1969 1185 2038 Galeaz
1205 1969 1441 2038 Vicecomitem

253 2085 363 2154 Mattei
379 2081 481 2154 filium
500 2083 558 2152 sibi
574 2083 663 2153 dono
678 2083 764 2166 dato,
781 2083 938 2174 praefatus
955 2083 1151 2166 Franciscus,
1172 2083 1305 2174 propriis
1324 2085 1442 2174 stipen-

183 2211 227 2272 60
252 2197 311 2266 diis
329 2197 470 2268 militans
488 2199 523 2266 in
540 2198 761 2281 Germaniam,
779 2197 818 2264 ad
842 2221 951 2286 regem
971 2196 1089 2282 tendit3
1113 2197 1219 2287 ibique
1239 2196 1326 2264 brevi
1345 2219 1443 2286 prope

253 2314 418 2406 perditam,
438 2317 540 2384 immo
559 2313 758 2404 incognitam
781 2313 1016 2384 Gibelliuonrm
1040 2337 1168 2384 causam
1191 2314 1329 2384 suscitat.
1367 2337 1443 2384 nam

254 2454 328 2500 cum
347 2431 496 2520 frequens
513 2430 597 2520 regis
617 2431 700 2498 curia
719 2431 884 2498 neminem
910 2453 949 2498 ex
976 2430 1166 2500 lombardis
1188 2431 1292 2514 sciret,
1313 2451 1366 2502 aut
1385 2455 1444 2500 no·

255 2547 389 2616 minaret
413 2548 563 2629 amicum,
587 2565 709 2636 praeter
730 2545 918 2615 Gnidonem
937 2545 977 2614 de
1000 2545 1029 2614 la
1052 2545 1167 2631 Turre,
1192 2549 1345 2616 comitem
1370 2547 1444 2616 Phi·

255 2662 428 2753 lipponem,
445 2679 476 2730 et
496 2679 636 2730 caeteros
655 2661 664 2750 1
683 2659 847 2730 Guelficae
866 2659 1012 2728 factionis
1031 2661 1199 2752 principes,
1215 2683 1297 2751 quos
1315 2659 1444 2752 praefati

185 2787 224 2870 65
255 2779 470 2868 exploratores
504 2777 644 2867 religiosi
671 2776 754 2866 apud
787 2799 897 2866 regem
932 2775 1015 2846 lictis
1034 2777 1180 2846 laudibus
1209 2777 1445 2868 praedicarant3

255 2893 452 2974 franciscus,
475 2917 508 2962 re
533 2893 661 2982 cognita
684 2913 817 2982 propere
845 2891 954 2960 habito
977 2893 1061 2982 regis
1096 2892 1231 2961 consilio
1255 2911 1286 2962 et
1316 2893 1445 2984 eloquio

255 3007 299 3076 ita
316 3008 392 3096 egit,
412 3023 446 3074 ut
464 3007 647 3096 priusquam
663 3003 702 3072 de
720 3003 911 3072 Alamannia
931 3003 1105 3089 decederet,
1122 3006 1226 3074 varios
1246 3027 1282 3075 ac
1301 3005 1444 3074 diversos

256 3119 396 3210 undique
419 3143 475 3210 per
497 3119 621 3189 Italiam
644 3119 775 3188 nuntios
798 3137 830 3188 et
852 3117 1068 3208 exploratores
1092 3119 1242 3202 mitteret,
1261 3121 1316 3209 qui
1341 3121 1445 3190 cuius·

257 3261 393 3328 cumque
419 3237 545 3326 generis
569 3234 740 3304 hominum
763 3236 945 3305 voluntates
969 3236 1124 3326 sagaciter
1146 3235 1356 3326 explorarent.
1399 3261 1446 3305 re·

186 3379 229 3448 70
256 3353 390 3424 deuntes
406 3351 558 3422 resenant:
576 3351 763 3422 Gnidonem
774 3375 810 3420 ac
823 3370 965 3422 caeteros
982 3352 1194 3436 Lombardos,
1209 3353 1377 3443 praecipue
1393 3353 1446 3422 Li·

257 3493 351 3562 gures
362 3491 532 3558 regnantes
545 3469 634 3538 domi
646 3491 731 3554 suae,
745 3491 812 3538 non
825 3469 925 3537 modo
938 3469 1075 3538 multum
1093 3469 1215 3552 avidos,
1226 3470 1329 3538 immo
1341 3471 1446 3560 potius

257 3586 388 3656 odiosos
410 3584 613 3676 popularibus
634 3583 824 3665 rumoribus,
843 3605 1039 3674 suorumque
1059 3585 1196 3654 nimium
1219 3587 1375 3676 promptis
1398 3609 1447 3652 sa·

258 3703 393 3772 tellitum
422 3700 639 3772 voluntatibus
663 3701 859 3790 interpretari
888 3723 999 3790 posse;
1024 3701 1132 3770 exules
1162 3725 1239 3770 vero
1271 3703 1446 3784 civitatum,

257 3841 433 3910 eorumque
449 3817 623 3908 complices
642 3837 672 3886 et
692 3817 824 3898 amicos,
843 3817 1108 3886 reconciliationis
1126 3839 1193 3908 spe,
1210 3841 1286 3886 cum
1305 3819 1447 3886 maxima

188 3961 228 4028 75
259 3935 386 4017 laetitia,
414 3935 549 4004 celerem
572 3935 655 4024 regis
678 3932 894 4024 praedicantes
918 3933 1104 4018 adventum,
1127 3935 1240 4026 quibus
1265 3959 1301 4003 ea
1324 3934 1448 4026 etiamll

258 4053 341 4142 regis
360 4074 461 4132 mora,
477 4073 574 4141 quam
591 4049 730 4140 gerebat,
750 4069 817 4119 erat
835 4051 1008 4140 plurimum
1028 4051 1148 4120 odiosa.
1185 4053 1246 4120 hoc
1265 4052 1335 4142 ipso
1352 4051 1447 4136 iacto,

260 4165 389 4254 cognita
401 4139 543 4248 veritaie,
562 4186 616 4232 tex
630 4164 832 4232 franciscum
846 4161 1055 4252 postmodum
1068 4187 1176 4232 carum
1192 4187 1318 4254 semper
1328 4164 1447 4248 habuit,

260 4279 428 4370 ipsumque
444 4281 476 4346 in
496 4279 602 4348 aulam
618 4279 686 4347 eius
702 4277 823 4347 aditum
840 4295 932 4368 atque
949 4276 1057 4346 locum
1072 4277 1187 4346 habere
1202 4278 1301 4346 iussit.
1354 4277 1448 4368 idque

260 4395 399 4484 primum
423 4395 615 4484 respiramen
635 4393 811 4463 Gibellinae
835 4393 930 4484 partis
952 4391 1067 4461 fuit(¹>.
1114 4392 1163 4461 his
1187 4411 1280 4483 atque
1303 4393 1371 4462 aliis
1394 4415 1448 4462 oc·

295 4635 338 4702 (ι)
358 4633 392 4688 Di
411 4645 504 4706 queste
526 4631 622 4688 audaci
648 4631 768 4703 pratiche
788 4631 831 4685 del
877 4629 1038 4702 professore,
1046 4629 1286 4698 che,insoiiereote
1297 4629 1449 4702 dellatoga,

261 4717 443 4790 Garbagnate,
458 4731 596 4790 portanto
611 4727 678 4771 noto
693 4715 765 4770 nella
781 4729 833 4770 sto·
877 4717 968 4789 planta
981 4715 1223 4770 l'universitadove
1233 4715 1447 4788 insegua,vende

261 4803 300 4856 ria
315 4803 575 4870 successiva,eche
590 4801 634 4856 dal
650 4801 684 4856 C.
700 4803 724 4856 ci
744 4805 832 4874 epre-
878 4800 967 4868 ilibri,
983 4817 998 4856 e
1013 4817 1044 4854 su
1059 4800 1087 4855 di
1102 4817 1139 4854 un
1157 4801 1270 4856 ronzino
1285 4799 1403 4874 galoppa
1421 4803 1448 4858 in

262 4898 368 4942 sonmo
383 4899 455 4942 sotto
470 4887 493 4941 le
506 4887 622 4940 biraarre
636 4885 741 4958 spoglie
757 4885 783 4940 di
796 4903 831 4940 un
879 4885 1025 4942 Germania
1041 4903 1088 4959 per
1101 4901 1242 4958 preparare
1253 4885 1278 4940 la
1288 4883 1395 4940 fortuna
1405 4885 1449 4940 del
