3860 5884
625 549 655 604 1.
683 549 741 604 os
770 549 1083 606 cennsunrs.
1408 557 1445 624 91

261 771 447 852 constantia,
471 790 577 861 spreto
600 771 780 840 sinistrante
803 771 933 855 vicario,
944 795 1071 864 semper
1087 773 1182 842 stetit.
1228 793 1305 844 tunc
1324 775 1449 866 Papiae,

260 887 413 956 Brixiensi
433 885 561 970 morbo,
585 889 719 958 moritur
742 891 967 978 magnanimus
991 889 1111 972 Guido,
1135 893 1260 960 comitis
1287 891 1449 962 Flandriae

258 1001 351 1084 filius,
374 1003 430 1094 qui
462 1025 528 1072 non
557 1004 678 1094 primus
707 1023 820 1088 aetate,
844 1005 916 1073 licet
949 1007 1069 1074 cunctis
1095 1005 1240 1076 fratribus
1260 1008 1376 1076 virtute
1399 1031 1449 1078 su·

188 1137 227 1205 55
258 1117 372 1206 perior,
396 1135 506 1186 contra
528 1117 724 1185 saevientem
746 1117 756 1208 l
778 1117 960 1208 Philippum
985 1120 1180 1188 Francorum
1204 1145 1314 1210 regem
1348 1121 1448 1190 multa

258 1231 412 1322 praeclara
436 1230 508 1300 belli
533 1231 612 1300 lacta
636 1249 786 1320 gesserat,
807 1231 981 1302 defendens
1004 1235 1141 1324 patrium
1160 1235 1267 1304 solum
1287 1259 1354 1306 non
1377 1235 1447 1318 sibi,

258 1347 313 1416 sed
338 1346 478 1418 Roberto
502 1345 586 1416 fratri
609 1369 679 1430 suo,
710 1367 741 1416 et
765 1348 895 1438 indigna
925 1351 1105 1439 captivitate
1123 1369 1246 1442 patrem
1269 1371 1343 1443 post
1365 1353 1449 1422 mul·

257 1481 364 1530 torum
388 1463 471 1554 regis
489 1485 657 1553 procerum
677 1487 789 1532 necem
814 1464 959 1548 liberans,
983 1465 1171 1536 laudabilem
1188 1469 1222 1524 (⁸)
1241 1490 1298 1558 pro
1322 1491 1367 1551 se,
1390 1491 1448 1558 pro

257 1575 383 1666 superbi
405 1579 488 1667 regis
511 1599 598 1668 parte
618 1578 810 1668 degenerem
827 1578 963 1648 obtinuit
987 1603 1109 1670 pacem.
1156 1581 1293 1652 hicnon
1319 1584 1447 1672 Papiae,

187 1699 229 1760 60
258 1715 309 1772 ne,
327 1691 443 1782 quibus
461 1692 627 1762 interdicta
644 1713 709 1762 erat
726 1695 836 1762 civitas
850 1695 911 1778 illa,
927 1695 1144 1764 ecclesiasticis
1163 1697 1324 1786 obsequiis
1345 1715 1448 1766 careat

256 1827 361 1877 tantae
386 1808 500 1877 indolis
527 1829 558 1878 et
581 1809 706 1878 virtutis
724 1811 879 1900 princeps,
908 1833 1020 1880 verum
1044 1811 1228 1896 Terdonae,
1247 1835 1313 1903 quo
1341 1812 1448 1881 decuit

255 1923 391 2008 honore,
413 1924 553 2016 sepultus
575 1945 623 1993 est
638 1925 682 1994 (¹).
729 1945 801 2016 post
836 1927 924 1994 cuius
948 1927 1097 2016 exequias
1120 1951 1175 1995 rex
1203 1927 1288 1995 illico
1313 1927 1446 1996 lauuam

255 2038 367 2122 tendit,
390 2037 444 2108 ubi
467 2061 597 2109 summo
620 2039 727 2109 studio
750 2038 1024 2130 interponentibus
1048 2039 1192 2110 savorem
1216 2063 1310 2112 suum
1331 2043 1446 2111 Berna-

256 2153 339 2222 bove
364 2153 404 2222 de
426 2157 523 2224 Auria
547 2173 579 2224 et
602 2154 745 2246 Opicino
772 2155 811 2224 de
846 2157 985 2246 Spinolis
1018 2175 1050 2224 et
1078 2159 1207 2226 caeteris
1236 2159 1358 2248 agnatis
1381 2157 1447 2226 suis

185 2275 205 2336 6
208 2290 224 2356 5
255 2269 351 2359 partis
370 2267 547 2338 Gibellinae
562 2269 766 2360 principibus,
781 2293 799 2336 a
816 2272 937 2339 cunctis
953 2269 1075 2340 civibus
1091 2269 1267 2340 honorifice
1282 2291 1446 2360 susceptus

255 2401 302 2452 est
318 2385 363 2452 (²).
409 2384 514 2474 ibique
537 2387 546 2474 l
569 2387 812 2475 superveniente
835 2387 985 2454 Bavariae
1008 2386 1088 2455 duce
1111 2387 1158 2470 (ἰ),
1181 2385 1274 2456 etde
1303 2387 1446 2476 pluribus

255 2499 360 2568 ltaliae
378 2497 518 2588 partibus
537 2519 569 2570 et
588 2499 714 2569 aliunde
733 2503 764 2569 in
791 2499 967 2570 subsidium
984 2501 1147 2584 comitiva,
1164 2519 1390 2590 consumptam
1408 2523 1445 2569 ae
1518 2561 1522 2568 .

254 2637 351 2705 prope
370 2614 523 2705 perditam
544 2615 688 2684 militiam
712 2617 877 2706 reparavit.
919 2639 1032 2685 verum
1046 2614 1089 2684 ibi
1103 2615 1341 2708 irrecuperabile
1355 2617 1445 2686 dam·

254 2755 332 2800 num
345 2733 416 2802 tulit
429 2733 476 2816 (⁵),
499 2735 714 2802 sanctissimae
727 2735 882 2802 consortis
894 2753 1009 2816 morte,
1021 2734 1109 2802 cuius
1130 2733 1297 2802 transitum
1320 2733 1447 2824 plorant

184 2865 227 2932 70
252 2851 416 2936 pauperes,
439 2847 553 2938 quibus
572 2848 755 2939 saepissime
778 2848 844 2916 suis
868 2844 1015 2916 manibus
1038 2845 1237 2914 ministrabat
1260 2847 1292 2915 in
1315 2869 1444 2916 mensa:

254 2961 365 3052 lugent
386 2985 531 3053 proceres
557 2983 589 3032 et
607 2981 784 3052 magnates,
803 2961 918 3052 quibus
944 2959 1084 3030 honores
1103 2981 1135 3030 et
1157 2958 1327 3051 dignitates
1351 2979 1445 3052 atque

254 3077 359 3168 ipsum
378 3077 494 3148 horum
513 3079 658 3148 datorem
674 3079 862 3148 conciliabat
880 3099 1005 3166 regem:
1022 3077 1134 3168 lugent
1148 3079 1202 3167 qui
1219 3079 1445 3146 intercessione

254 3193 406 3264 dominae
425 3195 619 3264 reconciliati
638 3213 724 3277 sunt,
748 3213 782 3264 et
801 3193 856 3284 qui
874 3193 1070 3262 reconciliari
1094 3190 1261 3282 sperabant
1291 3193 1356 3262 suis
1374 3215 1443 3280 pre-

255 3309 342 3379 cibus
364 3310 493 3378 iuimici.
540 3333 665 3393 verum,
683 3331 719 3379 ut
736 3309 782 3394 fit,
803 3311 836 3378 in
854 3329 919 3378 tam
939 3309 1061 3378 cunctis
1080 3329 1189 3376 amaro
1212 3307 1341 3396 reginae
1359 3325 1444 3377 tran·

306 3535 337 3586 (ι)
353 3529 539 3578 monente
552 3531 577 3576 da
590 3533 631 3576 Aa
646 3527 787 3576 laudabiliter
848 3531 881 3586 lb)
894 3529 935 3576 at
948 3541 1027 3586 ροιωι
1040 3537 1073 3574 est

254 3745 371 3804 pretesto
387 3731 414 3786 di
428 3731 528 3804 aegreti
544 3731 653 3787 accordi
671 3730 705 3786 da
724 3732 761 3788 lui
780 3731 824 3786 sti·
868 3729 908 3784 sei
923 3727 1062 3801 popolani.
1099 3727 1169 3782 Tale
1181 3726 1293 3783 rilorma
1312 3743 1380 3783 avec
1395 3727 1443 3784 mi·

252 3814 335 3888 pulati
346 3817 389 3871 coi
400 3815 528 3872 Beccaria
541 3815 690 3886 ghibelliu‘u
724 3815 745 3870 ll
756 3814 823 3871 lano
868 3825 928 3867 rato
942 3828 958 3867 a
970 3824 1097 3868 truncare
1111 3811 1138 3867 le
1153 3812 1304 3886 perniciose
1320 3829 1384 3884 gare
1398 3813 1442 3868 dei

253 3898 457 3956 tcousermno
472 3899 582 3954 daNrc.
599 3899 761 3972 Born.qo5.
869 3897 988 3952 Doriae
1015 3895 1087 3967 degli
1116 3894 1239 3970 Spinola,
1262 3895 1385 3968 lamiglie
1413 3896 1441 3952 iu

288 3985 329 4054 lt)
348 3983 392 4040 Cl.
420 3985 561 4050 Fausto,
593 3983 627 4052 V,
649 3985 730 4054 ro87;
760 3985 822 4040 Nae.
868 3981 974 4050 origiue
989 3977 1146 4050 ghibelline.
1184 3977 1312 4034 Tuttavia
1331 3979 1441 4052 quando

254 4067 342 4124 Bon,
361 4083 421 4140 9⁰5·
868 4061 967 4118 Enrico
985 4063 1009 4118 si
1024 4063 1150 4118 avvicinb
1160 4079 1176 4116 a
1186 4063 1311 4132 Genetri,
1327 4063 1365 4134 gli
1384 4063 1442 4136 spi·

286 4149 330 4222 (ι)
349 4149 448 4206 Ennea
467 4149 517 4206 vn
536 4155 615 4206 curro
628 4151 657 4206 in
673 4151 789 4206 Genava
803 4151 822 4206 il
866 4147 940 4216 non,
953 4163 1009 4201 non
1022 4145 1130 4202 actaeo
1145 4163 1182 4200 m.
1195 4145 1338 4212 Obizzino.
1357 4163 1440 4202 uano

253 4249 283 4288 n
307 4235 414 4288 onoure
438 4234 466 4288 di
489 4234 660 4308 <puellarium
685 4234 718 4290 cf.
743 4234 823 4292 Dauo
868 4227 1016 4286 fuomsciv'.
1052 4227 1096 4286 CL
1112 4231 1139 4284 in
1149 4230 1290 4302 proposito
1306 4229 1339 4285 G.
1356 4229 1441 4284 sm·

253 4317 530 4384 (Iomaomdllmx.
568 4317 823 4394 l'espressionedcl
868 4313 1325 4384 mannumommu,11,1023.
1356 4314 1440 4369 Certo

251 4399 299 4454 C.:
315 4400 571 4474 :interponentibus
582 4401 705 4456 savorem
716 4417 822 4456 soum»
868 4401 883 4452 ὲ
910 4402 978 4470 pero
1006 4397 1058 4452 cho
1086 4397 1221 4454 Obiazino
1250 4402 1440 4470 accompagno

251 4499 306 4536 nou
319 4485 334 4536 e
347 4481 419 4538 forse
432 4497 526 4550 esatta,
535 4483 681 4558 percheto
699 4483 744 4539 dal
758 4501 824 4558 ¹3¹⁰
867 4481 1064 4556 l'imperatore,
1082 4499 1098 4537 e
1117 4483 1169 4538 che
1187 4481 1225 4553 gli
1245 4481 1359 4555 Spinola
1373 4483 1442 4538 rien-

251 4567 273 4620 si
292 4567 486 4624 erarilormato
505 4569 525 4624 il
543 4585 666 4642 govemo
684 4585 823 4640 genovese
867 4579 979 4622 uarouo
994 4567 1127 4638 lupatria
1152 4565 1269 4624 ClNro
1280 4567 1438 4638 Bornqob.

251 4665 304 4704 con
332 4651 358 4704 la
386 4653 528 4708 tronione
556 4653 584 4708 di
602 4669 639 4707 un
663 4651 821 4724 magistram
900 4653 945 4724 (3)
965 4651 1003 4708 ta
1021 4652 1121 4708 notizia
1139 4667 1196 4708 uon
1211 4663 1288 4707 uota
1306 4653 1440 4708 riscootro

251 4749 359 4790 nuovo:
374 4734 544 4790 l’abbatodel
559 4735 672 4810 popolo,
683 4735 734 4791 che
746 4747 821 4792 stava
866 4737 895 4793 iu
914 4735 974 4792 altri
993 4735 1112 4793 mouisti.

252 4835 346 4891 acapo
361 4819 389 4874 di
402 4835 437 4874 un
449 4819 568 4890 collegio
578 4821 605 4876 di
616 4823 655 4876 sei
669 4820 754 4876 nobili
765 4839 780 4876 e
793 4821 822 4876 di
