3860 5890
620 571 646 628 1.
673 569 731 627 nn
759 565 1076 626 canuuuarn.
1381 571 1438 638 103

256 793 337 862 dulis
364 793 408 875 (⁸),
437 808 569 860 tractatu
599 789 720 872 habito,
748 807 820 878 post
849 807 968 877 paucos
991 786 1057 855 dies
1080 787 1259 856 Soncinum
1284 783 1438 876 oppidum

257 909 396 978 multum
413 907 503 976 dives
521 925 678 997 occupant
692 905 738 974 (¹).

250 1079 264 1104 ,
322 1023 457 1093 XLVII.
503 1021 650 1112 Angulus
666 1022 697 1090 in
716 1039 862 1088 extremo
877 1016 985 1108 oppidi
1002 1037 1095 1084 muro
1114 1016 1263 1106 surgebat
1278 1017 1311 1086 in
1323 1037 1444 1100 arcem3

259 1139 308 1208 hic
340 1161 456 1228 nempe
479 1137 568 1206 locus
591 1155 701 1204 nanus
724 1153 756 1204 et
778 1153 844 1202 arte
868 1133 1010 1200 munitus
1029 1131 1157 1200 modico
1180 1131 1336 1222 praesidio
1359 1149 1445 1202 tutus

256 1273 333 1334 erat,
362 1251 592 1342 Gibellinisque
615 1247 762 1318 subsidiis
792 1246 913 1317 aditum
936 1246 1081 1316 servabat
1104 1249 1135 1316 in
1166 1246 1332 1337 oppidum,
1355 1245 1444 1338 quod

256 1365 468 1458 proditoribus
491 1361 657 1456 oppidanis
684 1381 715 1432 et
743 1361 928 1452 Guelphicis
943 1361 1141 1431 invasoribus
1160 1361 1300 1430 maxima
1318 1361 1445 1450 pavoris

210 1505 227 1572 5
256 1503 350 1548 causa
368 1499 453 1564 erat;
472 1478 608 1570 ideoque
626 1477 777 1546 immensi
800 1477 907 1546 aelati
931 1477 1035 1566 operis
1058 1497 1122 1544 una
1140 1496 1235 1546 nocte
1259 1495 1445 1544 construunt

258 1617 385 1664 murum
415 1595 548 1678 siccum,
576 1593 698 1662 hostilis
725 1595 863 1682 impetus
900 1591 1100 1660 obstaculum
1130 1591 1225 1660 nimis
1248 1591 1322 1658 vile.
1368 1591 1443 1660 hinc

256 1711 393 1780 nuncius
416 1709 455 1778 ad
476 1711 634 1778 Matteum
654 1707 874 1777 Mediolanum
893 1707 991 1788 venit,
1015 1705 1134 1774 ibidem
1151 1725 1186 1774 ut
1209 1727 1258 1774 res
1277 1723 1369 1774 erant
1384 1729 1445 1774 nec

256 1849 321 1894 noo
340 1849 396 1914 per
407 1844 545 1894 caeteras
561 1823 798 1894 Gibellinorum
814 1821 906 1890 urbes
922 1821 1086 1890 nuncians.
1122 1821 1226 1910 itaque
1242 1843 1351 1888 comes
1362 1822 1444 1889 Var-

259 1943 375 2022 nerius,
398 1941 452 2031 qui
476 1959 553 2008 tunc
577 1939 700 2008 Brixiae
723 1957 789 2006 erat
812 1960 887 2006 cum
906 1936 1032 2006 modica
1054 1958 1187 2005 suonam
1205 1936 1442 2006 Germanorum

189 2075 228 2124 ιο
255 2077 291 2122 ac
311 2054 525 2123 Brixiensium
542 2053 686 2144 equitum
703 2053 864 2136 comitiva,
888 2071 953 2120 eta
972 2049 1159 2120 Mediolano
1182 2050 1300 2121 Ctesso
1319 2049 1359 2120 de
1374 2051 1444 2120 Cri-

254 2167 355 2248 vellis,
378 2169 431 2258 qui
457 2168 672 2236 mercenarios
690 2167 811 2257 equites
835 2165 1008 2236 Mediolani
1027 2188 1138 2234 secum
1160 2164 1249 2234 ducit
1263 2165 1309 2247 (¹),
1325 2163 1444 2254 absque

255 2305 347 2350 mora
370 2283 442 2352 illuc
465 2282 611 2365 tendunt,
634 2301 667 2352 et
694 2301 768 2352 ante
791 2301 898 2371 portas
921 2281 1029 2372 oppidi
1053 2305 1108 2372 per
1131 2279 1250 2370 burgos
1273 2281 1444 2350 exteriores

255 2397 287 2465 in
307 2399 408 2466 varias
427 2398 579 2466 stationes
597 2398 694 2488 sparsi
711 2395 800 2466 nullo
818 2395 903 2464 vallo
930 2419 1034 2486 neque
1052 2395 1115 2464 ulla
1130 2395 1217 2466 fossa
1235 2397 1306 2477 tuti,
1323 2413 1443 2464 temere

255 2533 324 2580 sese
347 2511 463 2580 locant
510 2533 586 2580 nam
604 2529 679 2580 sunt
701 2511 756 2601 qui
780 2528 924 2578 asserunt
946 2509 1150 2580 Passerinum
1173 2507 1213 2576 de
1233 2507 1261 2576 la
1278 2509 1392 2590 Turre,
1409 2527 1444 2576 ut

309 2731 341 2786 (a)
356 2729 402 2776 Mel
414 2743 456 2776 ιι.
471 2729 511 2776 Bb
524 2741 538 2774 e
551 2729 577 2774 ia
591 2730 652 2776 Mar.
667 2729 778 2776 Foodntla

286 2932 330 3000 (1)
346 2929 391 2988 Ci.
412 2929 525 2998 erano,
544 2929 755 3004 opeloceite
773 2929 826 2986 Ca·
870 2929 898 2983 di
913 2927 1062 2994 Cremona,
1075 2928 1102 2984 iu
1122 2927 1278 3002 pubblicato
1290 2927 1325 2982 da
1341 2929 1369 2984 F.
1390 2929 1444 2984 Ga·

253 3029 377 3080 νιτιιιι,
402 3015 470 3070 Ana.
495 3013 578 3070 Crem.
603 3031 629 3088 p.
652 3029 696 3070 ιιι
724 3031 740 3070 e
765 3031 824 3086 agg.
870 3027 1007 3078 murino,
1023 3013 1108 3068 Storr'a
1125 3013 1152 3067 di
1171 3012 1287 3079 δοιιίιιο,
1307 3029 1353 3068 cen
1371 3011 1443 3068 docu-

253 3096 274 3151 ll
303 3095 429 3153 Cavitelli
462 3113 577 3168 aasepna
618 3113 824 3154 erroneamente
869 3099 955 3163 mn,
987 3095 1101 3162 ΙΙΙΙιιιο,
1132 3097 1206 3167 1870,
1225 3095 1281 3152 vol.
1300 3096 1348 3162 ΙΙΙ,
1363 3113 1388 3169 p.
1408 3113 1441 3164 aa

253 3181 379 3236 l'assedio
389 3181 416 3236 di
427 3181 584 3238 Soncinoal
597 3197 671 3252 13¹3·
704 3181 824 3246 Quando
869 3197 884 3235 e
899 3197 958 3252 agg.
982 3179 1046 3235 Mon
1056 3180 1308 3252 ricomparvtnella
1322 3180 1441 3236 raccolta

253 3263 352 3320 Enrico
363 3264 413 3318 Vll
425 3265 511 3320 lascib
524 3263 543 3320 il
556 3281 654 3337 campo
666 3265 694 3320 di
707 3265 824 3332 Brescia,
869 3263 1050 3330 lionainiana3
1060 3265 1094 3318 ne
1107 3263 1135 3318 Ιο
1148 3263 1273 3318 conobbe
1283 3263 1301 3318 il
1311 3263 1438 3318 Bohmer.

253 3343 313 3400 lece
327 3359 402 3400 soata
421 3363 436 3400 a
456 3345 587 3414 Soncino,
601 3363 617 3402 e
630 3359 708 3416 grato
727 3365 742 3402 a
761 3347 823 3420 quel
869 3347 969 3404 Panto
984 3345 1097 3404 Caturr
1112 3348 1200 3418 (Depli
1217 3349 1386 3402 criminanti
1401 3365 1442 3402 no

253 3425 356 3498 popolo
368 3427 438 3482 delle
451 3428 576 3484 indubbie
589 3431 711 3502 provedi
724 3428 822 3486 ledelta
869 3433 941 3488 labili
958 3431 1021 3488 dello
1047 3435 1125 3488 storia
1147 3431 1174 3486 aa·
1193 3433 1312 3498 Sorano,
1335 3449 1387 3490 ms.
1409 3431 1444 3488 ci·

252 3509 342 3578 (l’atto
362 3511 388 3562 di
407 3511 599 3566 commissione
621 3511 663 3566 dei
683 3511 823 3567 Soncinati
868 3529 926 3572 tato
938 3515 983 3571 dal
996 3515 1154 3582 Galantino,
1170 3533 1185 3572 e
1200 3515 1251 3570 che
1266 3515 1367 3570 trovasi
1384 3515 1441 3571 nel·

253 3589 286 3642 ad
303 3589 401 3646 Enrico
417 3589 468 3644 Vll
484 3590 550 3662 de'3
568 3593 680 3662 magpio
698 3607 760 3660 1311
779 3609 823 3648 ve
869 3599 1011 3654 l'arclrivio
1033 3597 1165 3668 Gussalli)
1185 3615 1240 3654 non
1260 3601 1282 3654 si
1310 3597 1442 3670 persuade

253 3671 309 3726 dilo
325 3675 352 3728 in
369 3673 526 3744 bannens,
542 3677 616 3740 Acta,
637 3677 670 3742 11,
690 3677 718 3746 8)
737 3677 824 3732 dimo-
869 3681 939 3738 della
959 3681 1123 3756 improrvisa
1143 3681 1282 3737 deletione
1301 3681 1327 3736 di
1344 3681 1444 3736 Ventu-

252 3759 373 3826 stratagli
397 3757 510 3812 durante
534 3758 553 3812 il
578 3757 693 3816 iaticoso
708 3761 824 3827 assedio,
868 3765 929 3820 rino
951 3765 1085 3832 Fondulo,
1107 3781 1152 3820 ma
1171 3763 1196 3820 la
1216 3763 1353 3820 concorde
1372 3763 1443 3820 testi·

252 3841 360 3894 nonclrt
376 3839 576 3914 dell'ospitalita
591 3841 687 3898 oiierta
705 3843 759 3899 alla
774 3859 823 3898 sua
868 3849 1013 3904 monianaa
1041 3849 1084 3905 dei
1109 3849 1220 3904 cronistl
1246 3849 1346 3922 dissipa
1377 3849 1442 3920 ogni

252 3937 327 3978 corte
348 3923 430 3979 calla
448 3925 590 3994 legatione
608 3926 651 3982 del
677 3927 822 4000 pontefice,
867 3931 976 3988 dubbio.
1019 3932 1076 3988 Tra
1105 3933 1142 4004 gli
1170 3933 1261 3986 storici
1288 3933 1442 3988 cremonesi

252 4005 279 4060 in
294 4005 453 4061 testimonio
467 4007 537 4062 della
553 4025 600 4064 aua
616 4009 788 4080 gratitudine,
803 4009 822 4066 il
867 4015 925 4086 (del
940 4017 983 4072 cui
998 4015 1101 4082 valore,
1116 4033 1165 4090 pur
1177 4016 1204 4070 in
1218 4033 1313 4071 meato
1328 4015 1354 4070 ai
1364 4015 1443 4072 molti

255 4105 266 4160 ι
286 4091 394 4146 ottobre
412 4107 487 4162 1311,
502 4093 569 4162 largi
589 4093 684 4167 aquei
704 4111 821 4150 comune
866 4099 1441 4170 errori,enecessariotenerconto,perche

252 4191 287 4228 un
304 4174 396 4246 amplo
411 4175 532 4248 diploma
551 4179 578 4232 in
597 4179 640 4232 tui
656 4177 779 4234 dichiarb
794 4179 821 4236 di
866 4184 887 4236 si
910 4199 980 4238 sono
1002 4181 1069 4238 talei
1092 4183 1118 4238 di
1143 4181 1279 4238 cronaehe
1298 4183 1364 4254 oggi
1383 4199 1442 4256 per·

251 4257 386 4312 esclusira
415 4259 606 4331 piurisdiaione
635 4261 775 4332 imperiale
803 4261 823 4316 il
867 4265 989 4334 dute)‚'tl
1015 4267 1183 4332 Cavtmtr,
1202 4283 1246 4339 op.
1266 4267 1312 4322 cit.
1336 4283 1361 4340 p.
1385 4281 1442 4334 tta,

252 4341 366 4396 cunno
390 4343 418 4397 di
442 4343 564 4398 Soncino
582 4361 598 4398 e
617 4361 668 4400 suo
691 4345 823 4412 distretto,
868 4349 956 4405 scrire
983 4349 1035 4405 che
1056 4349 1085 4404 lu
1105 4367 1120 4404 a
1143 4349 1294 4404 Venturino
1317 4349 1441 4406 Fondulo

251 4425 499 4498 comprendendovi
523 4425 548 4482 la
575 4429 652 4500 pieve
670 4427 697 4484 di
716 4427 824 4496 Calcio,
869 4432 1442 4506 «oppidumSoncinocommendatumper

250 4509 296 4578 gia
317 4509 461 4582 posseduta
488 4509 533 4564 dal
561 4527 680 4566 comune
707 4511 734 4566 di
760 4511 825 4568 Cre·
870 4517 1046 4572 ellenricum
1061 4532 1127 4572 cum
1138 4515 1275 4572 obsideret
1288 4515 1441 4572 brixiam».

252 4607 344 4656 mona,
356 4607 404 4664 pet
415 4593 544 4648 aottrarlo
556 4593 591 4648 ad
603 4596 668 4666 ogni
683 4593 772 4651 lutura
785 4595 825 4650 di·
869 4599 939 4656 Perb
961 4616 1018 4656 non
1037 4599 1141 4656 rimant
1156 4599 1325 4656 documento
1343 4599 1395 4656 che
1413 4599 1442 4655 lo

249 4676 388 4748 pendenaa
406 4677 503 4732 d'altro
527 4693 655 4746 comune,
677 4681 822 4736 universita
869 4683 966 4740 attenti.

249 4774 268 4812 o
283 4759 443 4830 particolare
462 4775 586 4832 penona,
605 4777 662 4818 ecc.
698 4761 823 4818 lldocu·
902 4767 945 4838 (a)
961 4767 999 4822 Su
1021 4766 1158 4824 Cressone
1177 4765 1298 4823 Crivello
1326 4768 1359 4824 V.
1381 4783 1440 4840 cap.

250 4855 354 4908 mento,
380 4857 462 4902 trano
487 4843 626 4902 dall'arcln
646 4846 689 4904 del
703 4863 822 4903 comune
866 4847 968 4916 XXIX,
989 4849 1068 4906 bodi
1087 4861 1181 4923 questa
1200 4865 1325 4906 cronaca.
