3860 5890
599 537 628 592 1.
657 537 715 593 un
745 534 1062 594 conuersata.
1365 535 1424 600 117

239 641 397 654 ——
1035 637 1204 646 -———
1220 632 1425 644 ..φ-.-

301 761 403 830 LVll.
453 761 540 828 Haec
560 758 614 827 ubi
635 759 667 826 in
684 761 821 826 exercitu
842 758 993 826 nunciata
1012 777 1096 838 sunt,
1118 775 1244 822 moesto
1262 775 1427 822 murmure

234 869 376 960 undique
388 869 586 938 fremuerunt
601 887 711 938 castra.
751 869 923 958 imperator
935 867 1019 936 illico
1034 883 1167 934 cunctos
1185 887 1332 954 proceres
1350 887 1427 933 suos

233 986 326 1055 adse
348 1005 455 1064 vocat,
479 1003 573 1076 atque
597 985 692 1054 huius
722 985 767 1054 rei
787 1005 882 1054 causa
904 983 1060 1066 turbatus,
1079 982 1200 1050 cunctis
1219 983 1334 1050 iratum
1357 1003 1427 1049 sese

233 1101 317 1186 fecit,
341 1103 505 1192 inquiens:
533 1103 689 1170 «Meritis
713 1103 840 1182 nostris,
859 1123 927 1171 non
955 1099 1017 1168 alia
1036 1121 1130 1168 causa
1153 1097 1274 1168 ruimus
1295 1117 1326 1166 et
1345 1097 1425 1186 peri-

186 1247 204 1314 5
233 1219 305 1289 cula
323 1220 355 1288 in
371 1219 439 1288 dies
458 1219 579 1288 maiora
593 1217 705 1286 timere
722 1217 879 1308 cogimur,
893 1239 975 1306 quae
990 1214 1087 1305 digne
1102 1213 1207 1283 debita
1231 1233 1307 1284 sunt
1322 1213 1427 1294 nobis,

233 1334 260 1400 si
283 1331 346 1402 ulla
369 1331 554 1402 mortalium
573 1353 648 1402 cura
671 1333 779 1400 Deum
798 1333 901 1422 tangit
919 1349 974 1400 aut
995 1329 1022 1398 si
1048 1353 1108 1398 nos
1131 1329 1257 1419 respicit
1280 1328 1320 1398 de
1336 1327 1427 1396 coelo

233 1445 360 1516 iustitia.
407 1469 467 1516 nec
491 1469 551 1516 nos
569 1448 635 1537 qui,
654 1427 754 1514 nimia
768 1445 1029 1516 dissimulationis
1048 1443 1210 1534 patientia,
1225 1443 1341 1512 iniusta
1360 1443 1427 1532 geri

234 1563 380 1652 patimur,
407 1563 582 1648 immunes,
600 1565 703 1632 immo
726 1563 827 1632 nostri
846 1561 987 1632 criminis
1013 1561 1058 1629 rei
1081 1583 1203 1630 sumus.
1250 1581 1360 1628 nonne
1378 1559 1427 1628 in·

234 1696 389 1748 nocentes
413 1677 519 1747 laedi?
548 1679 680 1748 iniustas
708 1697 802 1769 atque
835 1676 979 1747 crudeles
1001 1677 1133 1766 praedas
1162 1675 1215 1766 agi
1239 1675 1428 1744 sensimus?

168 1819 206 1866 ro
233 1815 337 1884 eoque
359 1793 470 1864 animo
493 1813 587 1886 atque
610 1795 712 1864 modo
731 1795 763 1864 in
787 1793 995 1866 Christicolas
1018 1791 1295 1883 quemadmodum
1318 1793 1351 1862 in
1371 1791 1427 1860 Sa·

233 1931 365 1978 racenos
388 1907 508 1978 bellum
537 1909 616 1998 agi?
660 1909 738 2000 quin
759 1911 862 1977 immo
881 1929 1010 2000 pacatos
1030 1931 1067 1977 ac
1085 1907 1156 1978 data
1175 1907 1239 1977 lide
1258 1906 1352 1978 nobis
1371 1905 1427 1976 de·

232 2019 317 2090 ditos
330 2023 502 2114 spoliastis,
520 2041 562 2106 et,
581 2021 670 2114 quod
685 2023 891 2094 inhumanius
910 2043 970 2106 est,
984 2023 1124 2114 plerique
1139 2041 1281 2092 vestrum
1297 2021 1426 2094 sedulos

233 2155 327 2228 atque
361 2137 494 2208 blandos
514 2139 656 2230 hospites
678 2141 834 2210 tractastis
863 2161 899 2210 ut
933 2141 1052 2210 hostes.
1099 2165 1210 2210 nonne
1234 2139 1426 2210 confusione

231 2251 321 2342 digni
335 2275 458 2338 sumus,
476 2253 531 2344 qui
547 2273 633 2322 tanta
652 2255 791 2344 patimur
813 2255 930 2326 iniuste
948 2255 1044 2345 geri?
1088 2278 1163 2325 vere
1182 2257 1272 2325 Deus
1291 2255 1425 2340 exalto,

167 2397 204 2466 ¹5
232 2389 314 2456 quos
348 2367 515 2438 crudeliter
541 2389 573 2438 et
607 2371 725 2440 iniuste
758 2369 914 2462 premitis,
938 2370 1129 2438 miserorum
1153 2391 1251 2440 voces
1281 2367 1425 2451 audiens,

232 2507 411 2577 eonrmque
428 2487 593 2577 quenrlarn
614 2511 754 2572 causam,
770 2509 868 2580 quarn
882 2486 1102 2578 relinquimus,
1113 2487 1319 2578 'suscipiens
1338 2487 1425 2557 brevi

232 2603 413 2694 praecludet
435 2605 521 2672 viam
553 2601 642 2674 lactis
664 2607 799 2688 nostris3
829 2605 874 2673 sic
904 2605 992 2674 enim
1021 2603 1185 2673 vaticinari
1209 2603 1303 2674 nobis
1339 2603 1424 2688 licet,

230 2717 347 2808 quippe
361 2719 387 2785 si
402 2717 576 2788 abiecimus
593 2741 680 2788 arma
696 2719 843 2800 iustitiae,
859 2741 940 2808 quae
960 2716 1096 2808 amplius
1114 2716 1209 2787 nobis
1224 2735 1293 2786 tuta
1308 2717 1426 2786 erunt?

232 2855 329 2922 quam
352 2833 449 2902 allam
471 2855 540 2902 esse
563 2855 693 2904 causam
724 2833 848 2903 creditis
872 2855 928 2902 cur
949 2850 999 2902 tot
1031 2851 1216 2923 temporum
1239 2831 1425 2914 intervallis,

164 2971 206 3020 ao
233 2973 273 3018 ex
295 2971 362 3041 quo
387 2949 480 3020 nobis
503 2951 705 3020 Germanicis
727 2973 919 3020 concessum
936 2969 995 3032 est,
1014 2949 1139 3018 vacavit
1161 2951 1343 3040 imperium,
1364 2951 1423 3018 nisi

232 3065 320 3158 quod
347 3067 455 3152 Italos,
478 3069 533 3158 qui
563 3066 642 3138 dum
663 3068 781 3138 iustum
805 3087 918 3159 regnet
945 3067 1176 3136 Germanicum
1200 3069 1369 3158 imperium
1389 3067 1426 3122 (¹)

233 3181 391 3250 ab'omni
422 3181 541 3252 tributo
571 3181 660 3252 liberi
683 3203 759 3253 sunt
782 3183 1010 3252 rationabiliter
1031 3203 1063 3252 et
1087 3184 1258 3266 immunes,
1282 3204 1426 3254 anteces-

232 3321 320 3368 sores
343 3299 442 3368 nostri
461 3321 603 3390 pressere
622 3299 730 3368 durius
748 3321 845 3390 quant
869 3299 1041 3388 tyrannni?
1085 3299 1214 3369 iniurias
1229 3301 1326 3368 etiam
1342 3299 1425 3390 ipsas

233 3431 335 3482 castra
357 3431 465 3483 nostra
487 3433 656 3504 sequentes
687 3410 839 3497 inferunt,
861 3431 897 3483 ut
915 3414 1114 3496 tenebantur,
1138 3415 1272 3484 minime
1295 3411 1425 3504 propul-

161 3547 203 3616 ²5
231 3549 348 3598 santes.
394 3548 426 3598 et
456 3529 531 3598 ideo
562 3529 617 3620 qui
641 3552 800 3620 pressuras
823 3549 855 3598 et
878 3529 1010 3600 iniurias
1028 3530 1111 3620 passi
1143 3550 1229 3614 sunt,
1252 3549 1286 3599 et
1307 3527 1425 3620 quibus

232 3642 441 3736 postmodum
465 3663 631 3714 narrantur
653 3645 796 3728 iniuriae,
815 3645 881 3714 nati
910 3665 1004 3736 atque
1023 3663 1174 3714 natorum
1206 3645 1272 3714 nati
1291 3645 1425 3714 Germa·

232 3759 341 3829 nicurn
352 3783 476 3844 vacare,
489 3783 587 3850 quam
601 3783 734 3850 regnare
749 3760 883 3830 malunt.
929 3761 1081 3852 quiescite
1099 3761 1206 3852 igitur,
1220 3782 1426 3852 quaesumus,

232 3875 271 3942 ab
289 3876 410 3946 iniuriis
430 3897 461 3946 et
479 3875 654 3946 clementer
672 3875 768 3964 agite,
788 3895 820 3944 et
839 3875 918 3944 nibil
937 3875 1117 3966 malignum
1135 3875 1234 3948 aderit
1258 3875 1348 3946 factis
1370 3899 1425 3945 ve·

282 4082 318 4138 (ι)
332 4081 394 4126 Ην·
408 4089 484 4140 regnet
499 4079 616 4140 impurum

233 4258 446 4326 eincaute‚sunt
457 4257 495 4312 lta
508 4257 649 4326 increduli.
664 4257 737 4332 quod
748 4274 804 4314 non
850 4271 945 4314 monte
964 4259 998 4314 cl.
1019 4259 1083 4316 Nic.
1103 4259 1192 4316 oon.
1207 4275 1274 4332 930:
1295 4279 1310 4310 e
1323 4259 1362 4314 llll
1378 4259 1424 4332 qui

231 4341 351 4397 «dantes
370 4341 404 4397 de
422 4341 553 4406 victoriis,
571 4353 599 4396 et
617 4342 806 4415 maaimepre·
850 4363 865 4394 e
876 4342 1089 4400 erantlncastro
1098 4343 1186 4400 Collis
1196 4359 1280 4418 prope
1290 4341 1424 4400 Sanctum

232 4438 347 4481 «amtor
362 4424 462 4496 habita,
485 4425 565 4480 nobis
581 4423 673 4492 fidem,
691 4425 719 4480 in
740 4441 804 4480 con·
852 4425 1072 4482 «Gemlnlanm
1092 4427 1120 4482 in
1147 4443 1203 4482 uno
1223 4443 1322 4498 campo
1345 4425 1425 4482 molli

231 4509 369 4564 «nanum
402 4507 575 4576 oblocuotnr‚
607 4509 804 4583 pretendentes,
850 4509 983 4584 «aliquos
997 4507 1198 4580 interfecerunt,
1210 4521 1239 4566 et
1258 4509 1364 4584 aliquos
1383 4525 1426 4564 ac-

230 4613 245 4644 «
256 4593 376 4648 maxime
399 4593 468 4648 inter
482 4591 589 4666 vulgus,
601 4593 683 4666 quod,
702 4605 732 4648 ιιι
749 4593 804 4648 eti·
851 4607 1020 4668 «ceperuut3
1038 4595 1108 4650 luter
1125 4610 1195 4668 qnos
1216 4593 1267 4650 luit
1284 4609 1354 4650 nnus
1373 4593 1424 4648 im·

232 4691 334 4750 agenat
344 4677 411 4734 libra
420 4693 506 4752 nuper
515 4677 652 4750 imposita,
661 4693 714 4734 sot
724 4677 805 4734 huius
851 4679 1008 4752 «peratorls
1041 4679 1262 4750 consanguineus
1296 4679 1425 4734 dominus

231 4761 554 4818 «memimvletoriae
570 4765 654 4818 dc».
692 4761 805 4818 latomo
852 4765 970 4836 «Aynto
989 4763 1023 4818 de
1042 4761 1213 4818 Albomoote
1232 4775 1362 4838 captos».

230 4845 283 4903 alla
304 4847 440 4922 priglooia
467 4847 495 4902 dl
519 4849 647 4920 Ayntone
674 4845 702 4904 di
720 4847 807 4904 Anto-
