3860 5884
476 525 518 598 52
955 521 1201 580 ntsrosra

474 769 522 820 est
534 777 565 818 s.
598 751 691 840 pauci
708 749 850 818 neutrius
864 747 1012 816 factionis
1026 770 1236 816 communem
1252 747 1371 837 patriae
1390 765 1510 816 statum
1526 745 1675 815 affectan-

475 885 534 950 tes,
547 866 670 956 decepti
682 865 806 934 vadunt
820 889 942 946 secum,
955 887 992 934 ac
1015 864 1049 920 (¹)
1067 863 1210 954 plerique
1229 862 1269 934 de
1289 883 1376 954 parte
1397 862 1556 932 nobilium
1575 861 1676 930 haesi·

474 999 588 1065 tantes,
605 981 682 1071 quid
694 1003 819 1050 novum
833 979 973 1063 audiant,
991 981 1155 1048 mirantur.
1207 977 1411 1048 «concordia
1424 979 1544 1048 civium
1562 975 1676 1046 admo-

474 1097 552 1168 dum
572 1115 662 1188 grata
680 1115 729 1165 est
746 1096 919 1188 nobisll),ll
937 1097 1105 1187 inquiunt;
1124 1094 1180 1163 sed
1200 1095 1279 1164 haec
1298 1095 1392 1164 nobis
1411 1117 1497 1164 nova
1511 1117 1561 1163 res
1581 1113 1628 1162 est
1642 1121 1674 1162 a.
1705 1119 1751 1186 50

475 1212 602 1296 deinde,
615 1232 650 1283 ut
660 1212 707 1295 fit,
720 1212 832 1283 sedato
844 1212 1077 1302 aliquantulum
1093 1212 1215 1292 animo,
1230 1233 1341 1280 secum
1354 1211 1516 1300 inquiunt:
1537 1237 1553 1275 u
1566 1233 1674 1280 nonne

475 1329 518 1412 hi,
530 1329 586 1418 qui
596 1326 703 1398 subito
711 1352 825 1419 pacem
838 1328 930 1396 nobis
943 1329 1103 1410 nuntiant,
1114 1326 1265 1396 satellites
1285 1345 1318 1394 et
1330 1348 1483 1416 sequaces
1498 1327 1675 1396 Turrianae

475 1445 592 1514 domus
615 1445 715 1515 sunt?
760 1468 829 1514 non
852 1465 927 1514 sunt
949 1445 1043 1536 primi
1067 1443 1215 1514 factionis
1238 1444 1340 1513 suae?
1385 1463 1418 1513 et
1440 1466 1501 1512 nos
1525 1465 1676 1534 sequaces

474 1561 609 1631 sumus?
655 1583 711 1630 cur
740 1583 807 1630 nou
835 1579 868 1629 et
890 1583 951 1628 nos
974 1559 1053 1630 haec
1073 1561 1246 1630 novimus?
1302 1582 1401 1628 nemo
1426 1561 1523 1650 partis
1546 1578 1673 1628 nostrae

438 1721 439 1724 =
473 1676 591 1746 horum
615 1674 825 1746 concordiam
844 1675 966 1744 ducum
988 1677 1163 1745 nunciat».
1209 1677 1317 1765 itaque
1341 1674 1380 1743 de
1403 1694 1492 1764 parre
1516 1673 1675 1744 nobilium
1705 1699 1746 1766 55

474 1793 534 1874 rari
565 1811 639 1862 sunt
671 1793 726 1882 qui
757 1791 935 1861 tumultum
959 1791 1075 1860 adeant
1094 1791 1140 1874 (θ),
1170 1791 1226 1860 sed
1250 1792 1384 1882 quisque
1407 1792 1560 1860 viciniam
1584 1813 1675 1860 suam

474 1927 613 1978 armatus
632 1925 720 1977 tenet
732 1907 777 1975 (¹).
820 1930 935 1976 verum
948 1908 1064 1976 misera
1082 1908 1200 1976 vicinia
1216 1906 1359 1995 Braydae
1379 1909 1509 1978 Guercii
1523 1907 1569 1989 (²),
1589 1931 1675 1976 nunc

472 2022 553 2092 infra
576 2022 657 2094 lines
676 2043 786 2114 portae
802 2024 922 2093 Novae
941 2025 1011 2105 sita,
1027 2046 1084 2093 seu
1101 2021 1189 2112 quod
1205 2023 1314 2093 Vastis
1331 2021 1446 2106 affinis,
1463 2046 1521 2092 seu
1538 2024 1675 2092 nimium

528 2233 559 2288 (a)
573 2231 615 2276 Ba
630 2239 652 2276 at
707 2232 739 2288 (b)
756 2232 796 2276 Aa
810 2237 875 2288 grata
889 2227 955 2276 nobis
969 2239 1028 2276 esset
1082 2231 1112 2287 (cl
1129 2230 1169 2277 at
1183 2228 1223 2288 qul
1233 2231 1354 2276 tumultum
1368 2230 1521 2288 adscensum
1531 2243 1580 2276 earn
1594 2245 1638 2278 rem
1652 2232 1675 2278 In

472 2309 590 2356 Tuariauls
606 2309 680 2356 Vastis
693 2309 762 2356 umis
775 2309 822 2368 gel
836 2310 940 2362 antima
953 2309 993 2355 sed
1007 2309 1106 2369 quisque

510 2483 553 2554 (r)
569 2481 659 2540 Come
674 2483 720 2554 gii
736 2483 873 2538 avvertisa
887 2477 1052 2550 ilBottrrst,
1099 2505 1113 2534 a
1124 2483 1238 2539 tandum
1249 2501 1265 2538 a
1275 2483 1378 2540 Galaaz
1392 2485 1449 2540 lilio
1463 2497 1576 2542 extra...
1592 2501 1675 2560 prope

474 2583 519 2641 op.
544 2568 599 2634 eit,
627 2585 652 2640 p.
678 2566 738 2634 286,
761 2565 781 2622 il
806 2565 838 2622 C.
863 2570 878 2621 e
903 2581 950 2640 per
971 2565 1052 2622 ilttt·
1099 2569 1154 2624 «s.
1178 2569 1305 2644 Dionysii
1329 2571 1440 2642 praedia
1456 2571 1490 2625 ad
1507 2569 1675 2644 colloquium

473 2652 561 2708 multo
577 2653 604 2708 di
617 2651 722 2708 Milano
737 2650 782 2708 del
798 2667 828 2708 ra
845 2651 965 2708 lebbraio
985 2665 1048 2724 r3tr
1097 2673 1114 2705 s
1124 2654 1258 2720 traxisset,
1267 2669 1317 2710 nee
1332 2655 1370 2710 sic
1384 2655 1484 2710 amotis
1494 2657 1599 2710 arbitris
1611 2655 1675 2728 quin

474 2737 499 2794 la
515 2737 590 2794 fonte
605 2738 651 2811 piu
665 2737 757 2809 ampia
770 2754 786 2792 e
799 2739 844 2810 pin
860 2735 1053 2810 particolareg·
1100 2749 1153 2794 net
1177 2755 1292 2794 manum
1315 2739 1344 2794 in
1371 2739 1454 2794 fidem
1481 2739 1546 2795 dare
1574 2739 1675 2796 Galata

474 2821 556 2894 gista.
585 2821 717 2894 Seguono
732 2822 760 2876 in
774 2839 841 2894 gran
857 2835 932 2895 parte
950 2821 970 2876 il
989 2821 1054 2879 C.o
1099 2821 1336 2878 «Francischinus
1355 2835 1512 2898 compertus
1524 2823 1616 2892 fuerit;
1630 2825 1675 2879 alii

475 2907 578 2979 meglio
586 2907 621 2961 G.
629 2905 754 2961 Flamma
767 2907 818 2961 che
828 2906 857 2962 lo
868 2907 1006 2974 abbrevio,
1016 2907 1054 2980 gli
1101 2927 1116 2958 a
1125 2924 1220 2963 verum
1238 2905 1409 2980 colloquium
1419 2907 1502 2972 luisse
1517 2909 1587 2963 iuter
1596 2925 1625 2964 se
1637 2909 1676 2962 di-

475 2993 584 3048 Annolcs
608 2993 710 3048 Mediol.
726 2992 868 3046 LXXXIII
886 2990 938 3066 692
954 3009 969 3048 e
985 3010 1054 3065 sgg,
1101 2991 1266 3058 actitabant,
1278 2992 1438 3058 Caesarem,
1448 3009 1477 3048 re
1488 3005 1612 3066 cogente,
1623 2993 1677 3048 Ma·

475 3096 520 3136 ma
529 3095 585 3132 non
598 3079 621 3133 si
631 3077 787 3132 accordano
803 3077 847 3132 col
859 3077 891 3132 C.
907 3079 942 3131 ne
955 3077 974 3132 il
987 3077 1054 3134 Fen·
1100 3097 1115 3126 α
1124 3076 1188 3148 phei
1203 3075 1313 3150 culpam
1323 3077 1358 3132 ad
1367 3089 1476 3150 ternpus
1483 3077 1676 3133 dissimulasse.

474 3179 559 3230 nero,
572 3163 619 3230 IV,
638 3161 706 3218 1060
721 3179 814 3234 esgg,
824 3165 859 3216 ne
872 3161 892 3216 il
903 3163 1052 3228 Mussnto,
1100 3181 1115 3212 a
1125 3161 1180 3216 Sed
1190 3161 1234 3216 hie
1245 3163 1352 3218 veritati
1364 3162 1442 3218 locus
1452 3163 1568 3236 supersit
1578 3183 1603 3216 s.
1632 3164 1676 3218 Ma

473 3248 509 3314 11,
525 3249 595 3304 rubr.
611 3265 629 3302 1.
666 3247 771 3302 Mentre
785 3247 803 3302 il
824 3245 856 3302 C.
876 3247 899 3302 si
918 3247 1006 3302 studia
1026 3248 1052 3301 di
1098 3263 1113 3298 a
1129 3245 1325 3302 schiarimento
1341 3245 1385 3302 del
1401 3257 1539 3318 contegno
1558 3246 1586 3300 di
1610 3246 1676 3300 Mar·

473 3333 642 3390 nascendere
652 3332 753 3386 latera
766 3331 897 3386 condutta
906 3330 935 3385 di
948 3331 1052 3386 Matreu
1097 3339 1143 3383 teo
1153 3342 1194 3384 sta
1204 3327 1231 3384 la
1245 3329 1454 3386 testimonianze
1466 3331 1492 3386 di
1505 3329 1570 3386 Nic.
1587 3331 1676 3386 Bon.

475 3417 670 3484 Viscondedi
685 3415 888 3488 precisareseo
904 3417 1052 3488 menoein
1098 3415 1163 3488 892:
1194 3414 1282 3470 «Fuit
1312 3428 1405 3470 tamen
1433 3415 1535 3472 dietum
1563 3416 1677 3471 domino

475 3501 553 3555 abbia
575 3501 686 3574 giocato
706 3517 722 3554 a
741 3501 842 3573 doppia
858 3502 964 3573 partita,
979 3500 1053 3555 favo·
1100 3499 1193 3570 «regi,
1209 3515 1254 3554 me
1264 3511 1414 3570 praesente,
1424 3511 1451 3556 et
1464 3499 1592 3572 pluribus,
1602 3501 1676 3573 quod

474 3584 560 3640 rendo
575 3585 610 3637 da
625 3582 713 3656 prima
725 3583 865 3638 l’atcordo
878 3584 906 3638 di
916 3583 1053 3640 Galeaazo
1100 3603 1115 3634 a
1125 3583 1253 3638 domiuus
1269 3583 1424 3639 Matthaeus
1443 3585 1469 3638 iu
1489 3583 1535 3638 illa
1554 3585 1676 3639 novitate

474 3687 525 3725 suo
558 3668 634 3740 figlio
664 3685 717 3722 eon
747 3668 950 3725 Fraucesehino
981 3670 1054 3726 della
1100 3666 1351 3736 «concordaverat,
1373 3680 1401 3723 et
1422 3669 1456 3724 de
1480 3669 1598 3725 consilio
1626 3685 1677 3724 suo

476 3753 574 3822 Torre,
584 3752 739 3808 fors'anche
749 3772 796 3828 per
806 3755 1053 3828 trarreinInganno
1100 3751 1228 3808 «sienim
1243 3765 1302 3810 emt
1316 3765 1415 3820 lotum»
1434 3765 1461 3809 el
1479 3755 1553 3828 q¹¹0d
1571 3753 1620 3808 fiffi
1635 3753 1678 3808 ³¹²1

476 3836 568 3892 Guido
582 3837 653 3910 epoi
666 3837 789 3904 tradirlo,
798 3837 940 3893 riselando
953 3838 998 3895 all'
1006 3841 1054 3894 im·
1101 3857 1116 3888 s
1126 3849 1203 3892 erant
1218 3837 1316 3893 armati
1332 3856 1395 3894 curn
1411 3837 1468 3892 filio
1487 3837 1592 3892 domini
1612 3837 1678 3893 Gui-

474 3931 599 3993 petatore
608 3919 634 3976 le
644 3921 794 3976 intensioni
807 3923 833 3976 di
842 3921 881 3977 lui
895 3921 994 3978 edella
1003 3939 1053 3978 sua
1101 3921 1214 3978 «donis.
1248 3921 1282 3978 Et
1296 3923 1367 3978 istud
1379 3921 1430 3979 fuit
1442 3923 1578 3978 motivum
1592 3939 1676 3996 quare

475 4017 551 4078 parte
574 4003 621 4078 (cl.
638 4005 798 4074 nonninus,
816 4007 903 4062 Krililt
920 4007 965 4063 dar
978 4009 1054 4079 Qual-
1100 4008 1294 4074 «credebatur,
1309 4020 1336 4063 et
1351 4007 1434 4064 hodie
1450 4025 1466 4062 a
1481 4007 1574 4062 multis
1593 4007 1677 4062 credi·

474 4089 513 4144 lca
528 4093 586 4156 &c.,
599 4108 644 4164 op.
658 4093 712 4157 cit,
728 4091 784 4164 91),
796 4091 816 4145 il
826 4091 968 4158 Fsartsro,
983 4093 1001 4148 1.
1018 4112 1051 4160 c.,
1100 4105 1175 4160 atur,
1185 4093 1249 4166 quia
1262 4093 1328 4147 dum
1341 4093 1391 4148 ista
1407 4093 1514 4148 novitas
1533 4091 1676 4165 inciperet,

475 4175 691 4242 sostieoe,senaa
703 4175 845 4242 reticente,
860 4174 886 4230 la
902 4175 1051 4250 doppiezaa
1098 4198 1112 4227 α
1125 4177 1215 4251 plures
1237 4189 1314 4232 erant
1334 4195 1398 4232 curu
1416 4177 1492 4250 equis
1512 4190 1607 4233 euntes
1627 4194 1675 4250 per

475 4259 645 4316 fraudolenta
660 4261 686 4316 di
699 4260 813 4328 Matteo,
829 4261 862 4317 ed
878 4261 1051 4318 ilMussnro
1098 4263 1272 4330 «civitatem,
1302 4275 1329 4319 et
1362 4263 1469 4336 aliquos
1502 4279 1555 4335 ego
1586 4261 1676 4316 audiui

474 4345 497 4401 si
504 4345 590 4400 fimita
601 4346 634 4400 ad
641 4362 751 4418 esporre
759 4346 994 4418 levarieopinioni
1000 4347 1052 4404 che
1099 4368 1113 4398 α
1124 4346 1274 4404 clamantes
1285 4365 1293 4401 a
1308 4348 1489 4404 “Morientur
1508 4345 1675 4402 Th'eutonici

474 4429 498 4484 si
505 4428 666 4486 lormarono
675 4449 707 4486 su
717 4433 780 4504 quei
790 4430 856 4486 fatti.
882 4431 1051 4503 Egliscrive:
1099 4448 1296 4506 somnes3paa
1313 4445 1354 4488 est
1368 4433 1593 4488 iuterdominutn
1610 4431 1676 4487 Gui-

475 4515 604 4570 «Verum
619 4515 664 4570 hic
683 4517 853 4572 diversorum
873 4517 1053 4572 diversa-cer·
1100 4517 1235 4585 «donem,
1255 4531 1282 4572 et
1300 4515 1444 4573 dominum
1470 4515 1675 4572 Matthaeum”.
1749 4579 1754 4588 .

475 4619 490 4650 e
501 4599 575 4654 tabat
593 4599 696 4671 opinio.
732 4601 847 4656 Plurimi
862 4617 982 4674 namque
997 4602 1053 4656 Ma·
1099 4599 1230 4656 «Ettuuc
1240 4613 1303 4672 post
1312 4601 1378 4656 istas
1388 4601 1568 4656 clamationes
1578 4615 1676 4655 ornnes

477 4683 603 4756 «phetam
627 4701 643 4738 a
667 4683 788 4742 Caesare
811 4699 901 4742 tutum
925 4687 1052 4741 omniurn
1099 4684 1269 4740 aciaessunt
1280 4685 1412 4740 anitati».
1670 4723 1674 4730 ·

476 4767 661 4824 «fiducialiter
687 4785 777 4840 agere,
795 4787 964 4844 quamquam
990 4783 1049 4825 astu
1133 4769 1176 4840 (a)
1195 4767 1239 4826 cf.
1270 4769 1398 4836 Gatrusi,
1417 4771 1464 4836 IX,
1483 4769 1532 4840 156
1550 4785 1565 4824 e
1584 4768 1678 4823 Fussa-

477 4849 727 4908 «Francischinurn
744 4853 879 4909 Gnidonis
894 4851 981 4908 filium
996 4865 1053 4908 ten·
1096 4867 1191 4920 ostar,
1206 4871 1250 4928 op.
1269 4854 1325 4923 cit,
1344 4872 1370 4927 p.
1389 4855 1440 4925 258
1455 4872 1471 4910 e
1489 4869 1549 4926 sgg.
