3860 5884
502 529 545 592 66
969 539 1215 596 HISTORIA

1259 645 1489 652 ——--.—
1500 643 1688 652 --—-—.-

344 781 365 816 0·
383 769 447 832 ¹³⁵⁴
500 788 556 855 per
575 763 753 834 Laudensia
767 763 879 830 horrea
892 763 901 853 l
912 762 1042 832 modico
1058 760 1140 830 bladi
1158 779 1291 852 reperto,
1312 760 1482 830 consilium
1495 759 1687 844 rebellionis,
1715 785 1779 850 215

501 898 621 948 temere
642 895 819 968 sumptum,
840 878 941 967 ponit,
971 895 1003 945 et
1025 876 1151 945 comitis
1171 873 1345 945 Sabaudiae
1364 899 1421 966 spe
1437 876 1482 959 (⁸),
1502 877 1569 946 eius
1593 876 1689 944 literis

502 1017 538 1063 ac
556 995 680 1062 nunciis
695 1011 727 1061 et
741 991 800 1060 sub
815 989 879 1060 fide
897 990 969 1060 data
986 989 1096 1074 frctus,
1120 991 1341 1060 Mediolanum
1363 991 1509 1072 veniens,
1531 990 1689 1082 praefatae

503 1106 677 1176 Laudensis
693 1105 777 1174 urbis
797 1105 902 1174 claves
918 1104 957 1172 ad
975 1103 1072 1196 pedes
1090 1106 1174 1194 regis
1189 1123 1362 1195 prostratus
1379 1103 1488 1172 offert:
1507 1123 1540 1172 et
1559 1127 1625 1172 non
1642 1125 1690 1172 re·

503 1223 653 1304 verentia,
664 1245 768 1312 neque
780 1221 926 1310 cupidine
940 1221 1025 1311 pacis
1038 1239 1156 1304 motus,
1168 1219 1225 1290 sed
1236 1221 1349 1290 urbem
1362 1220 1402 1289 ad
1414 1220 1531 1309 longae
1545 1221 1689 1290 stationis

503 1338 703 1408 obsidionem
714 1339 849 1406 minime
861 1337 1046 1428 dispositam
1061 1355 1154 1427 atque
1168 1355 1308 1427 paratam
1320 1337 1471 1419 sentiens,
1483 1335 1575 1406 dixit:
1592 1360 1689 1425 epec·
1716 1358 1783 1405 220

504 1456 583 1537 cavi,
595 1454 706 1549 fateor,
719 1454 860 1536 domine,
874 1454 1022 1522 miserere
1034 1453 1109 1535 mei,
1121 1451 1206 1521 urbis
1220 1452 1401 1521 dominium
1414 1473 1490 1542 cape
1502 1477 1533 1520 u.
1575 1449 1691 1520 idema

503 1590 595 1660 tergo
612 1572 766 1638 bassanus
777 1569 813 1625 (b)
829 1573 894 1637 eius
911 1567 1005 1637 frater
1016 1567 1076 1661 [et]
1092 1569 1252 1636 Antonius
1271 1567 1310 1636 de
1324 1567 1439 1657 l'Aqua
1458 1585 1489 1636 et
1511 1567 1691 1656 complures

504 1707 595 1776 quos,
615 1686 745 1754 maioris
762 1683 837 1753 fidei
857 1706 964 1762 causa,
977 1706 1088 1752 secum
1107 1681 1218 1752 Lauda
1233 1683 1375 1767 duxerat,
1394 1683 1527 1773 supplici
1547 1703 1629 1752 voce
1647 1681 1663 1750 l
1678 1721 1689 1734 ·

504 1819 588 1870 runt.
635 1819 666 1868 at
688 1823 744 1868 rex
766 1799 949 1889 indignatus
971 1799 1092 1868 nullam
1115 1797 1229 1868 faciem
1254 1818 1308 1868 aut
1337 1799 1461 1868 miseris
1484 1821 1599 1868 vocem
1617 1822 1691 1888 sup·

505 1915 692 2008 plicantibus
711 1914 807 1985 dedit.
852 1933 930 1984 tunc
948 1937 1058 1983 comes
1074 1913 1260 1998 Sabaudiae,
1276 1937 1343 1984 non
1359 1917 1550 1984 miserorum
1564 1937 1694 1984 causam
1720 1929 1784 1998 225

507 2029 666 2114 deserens,
678 2051 754 2098 nam
770 2028 823 2098 nbi
834 2029 867 2085 (⁶)
884 2028 991 2097 ltaliae
1003 2029 1012 2120 l
1023 2028 1103 2098 fines
1115 2015 1219 2119 tetigit
1232 2051 1363 2115 rex,seu
1375 2047 1518 2120 quaestu,
1531 2048 1566 2098 ut
1577 2029 1624 2112 lit,
1636 2051 1694 2098 seu

507 2147 700 2217 conscientia
724 2145 921 2236 consilioque
940 2147 1024 2237 regis
1043 2169 1099 2236 per
1116 2145 1302 2216 industriam
1326 2147 1378 2216 hic
1396 2145 1544 2216 Guelfico
1566 2165 1693 2237 semper

508 2263 596 2345 favit,
607 2262 646 2330 ad
657 2263 785 2354 reginae
800 2286 970 2348 cameram,
989 2279 1062 2353 post
1075 2285 1197 2354 regem,
1216 2262 1326 2348 tendit,
1350 2265 1531 2332 Antonium
1551 2261 1589 2332 de
1610 2263 1695 2330 Fixi-

508 2399 584 2467 raga
605 2377 695 2467 quasi
718 2399 836 2466 pavore
855 2376 1015 2466 perditum
1038 2398 1148 2444 secum
1170 2375 1308 2444 trahens.
1355 2394 1386 2444 at
1409 2373 1463 2444 ubi
1483 2375 1623 2476 clemens
1646 2399 1694 2442 re·

508 2492 595 2586 gina,
614 2493 709 2582 signo
731 2515 786 2582 per
809 2491 961 2560 comitem
984 2511 1159 2580 cognatum
1177 2514 1271 2561 suum
1292 2491 1377 2574 dato,
1402 2491 1582 2560 Antonium
1605 2490 1695 2559 vultu
1722 2503 1788 2572 230

510 2605 680 2678 confusum
699 2605 790 2690 vidit,
815 2605 956 2698 benigno
971 2625 1061 2676 mota
1074 2609 1196 2698 spiritu,
1215 2631 1250 2676 ac
1269 2607 1391 2676 miseris
1415 2606 1612 2698 compatiens
1635 2629 1695 2677 suo

457 2789 462 2796 .
510 2723 720 2813 more,inquit
734 2723 820 2790 viro:
837 2723 997 2792 «domine
1007 2723 1062 2806 mi,
1072 2723 1232 2806 miserere,
1244 2743 1374 2812 quaeso,
1393 2725 1579 2792 revertentis
1592 2722 1697 2806 amici,

511 2853 542 2905 et
561 2837 681 2905 cunctis
700 2833 885 2904 mortalibus
904 2854 1026 2906 certum
1049 2837 1116 2928 spei
1138 2835 1268 2927 signnm
1283 2835 1370 2904 dabis
1383 2861 1414 2904 a.
1461 2853 1548 2920 tunc,
1567 2851 1697 2925 sumpto

512 2951 634 3032 animo,
657 2947 785 3018 venales
807 2973 915 3038 preces
937 2969 1071 3041 reparat,
1093 2973 1130 3018 ac
1148 2973 1204 3040 spe
1222 2949 1256 2988 *¹*
1277 2969 1476 3040 opportunus
1498 2949 1697 3040 infestusque

512 3068 650 3136 nimium
661 3065 828 3134 Gibellinis
847 3087 965 3135 comes.
1012 3067 1086 3135 hinc
1101 3067 1272 3157 utriusque,
1292 3085 1358 3136 non
1374 3089 1438 3136 uua
1451 3066 1630 3136 intentione
1648 3086 1698 3132 ro·
1725 3103 1744 3150 2
1749 3104 1764 3170 3
1771 3103 1789 3168 5

511 3183 628 3275 gantis,
638 3205 731 3273 prece
750 3181 852 3250 victus
870 3205 936 3267 rex,
952 3181 1072 3273 inquit:
1095 3181 1258 3266 «Antoni,
1274 3201 1341 3252 tota
1355 3183 1511 3274 Ligurum
1527 3179 1560 3250 in
1575 3199 1606 3250 te
1620 3175 1700 3249 fallit

512 3298 634 3388 opinio,
647 3295 724 3367 dum
736 3315 768 3368 te
785 3296 965 3388 partialibus
977 3295 1088 3366 studiis
1103 3296 1249 3366 deditum
1262 3297 1522 3388 obstinatumque
1532 3297 1698 3388 lperverso

513 3413 672 3482 vocabulo
684 3429 908 3481 contumacem
921 3429 1048 3481 vocant.
1087 3413 1322 3503 explorabimus
1337 3411 1372 3469 (ἃ)
1384 3413 1462 3482 rbem
1477 3411 1575 3482 fidem
1591 3429 1698 3482 tuam:

514 3529 651 3614 attende,
670 3529 696 3598 si
719 3551 816 3620 quam
834 3529 886 3597 hic
908 3547 975 3598 tant
998 3525 1095 3598 libera
1114 3551 1194 3598 voce
1213 3525 1313 3614 dedis,
1333 3549 1426 3620 atque
1448 3549 1589 3620 paratam
1612 3551 1700 3618 aper·

515 3665 644 3736 tamque
669 3644 762 3714 nobis
790 3645 913 3728 asseris,
945 3645 1053 3714 civitas
1080 3645 1120 3714 de
1146 3645 1230 3715 facto
1253 3645 1345 3715 detur
1371 3645 1473 3728 nobis,
1503 3669 1570 3714 non
1593 3645 1700 3714 salvus
1728 3679 1747 3726 2
1751 3679 1794 3744 40

515 3755 628 3842 modo,
642 3779 755 3826 verum
770 3759 865 3826 etiam
880 3760 913 3828 in
927 3759 997 3828 aula
1008 3777 1117 3828 nostra
1128 3759 1246 3829 electus
1260 3761 1338 3844 eris3
1355 3759 1442 3850 quod
1461 3761 1488 3828 si
1503 3759 1601 3842 aliter,
1617 3777 1701 3828 certe

515 3895 574 3963 pro
593 3871 712 3941 meritis
728 3872 860 3962 dignam
878 3896 1018 3964 poenam
1035 3873 1166 3944 dabis».
1212 3873 1327 3944 deinde
1351 3875 1529 3944 Henricum
1549 3873 1588 3944 de
1607 3873 1703 3944 Flan-

517 3985 584 4054 dtia
602 3986 830 4058 marescalcum
850 3987 889 4057 ad
904 4011 938 4056 se
952 3990 1059 4057 vocari
1077 3990 1184 4073 iussit;
1203 3991 1253 4058 cui
1277 4008 1390 4058 cuncta
1407 3989 1492 4078 prius
1516 3989 1623 4072 docto,
1647 4011 1703 4058 ne·

517 4103 643 4195 gotium
659 4101 723 4187 dat,
736 4103 965 4174 commendans
983 4103 1040 4172 sibi
1053 4105 1232 4174 Antonium
1244 4103 1284 4172 de
1299 4101 1414 4194 l’Aqua
1428 4123 1460 4174 et
1472 4103 1648 4174 Bassanum
1663 4103 1703 4173 de

518 4217 675 4306 Fixiraga,
693 4217 747 4307 qui
767 4240 830 4286 una
846 4241 955 4286 secum
974 4217 1113 4300 veniant,
1132 4241 1168 4286 ac
1187 4215 1266 4288 dum
1284 4235 1412 4308 pateant
1424 4217 1599 4288 Laudensis
1618 4217 1705 4286 urbis
1733 4251 1796 4318 245

518 4333 632 4417 aditus,
651 4330 778 4401 obsides
796 4333 859 4402 sint
868 4333 913 4400 (¹).
954 4333 1059 4423 itaque
1070 4353 1145 4400 cum
1156 4353 1278 4422 magno
1290 4333 1430 4422 equitatu
1442 4330 1482 4401 ad
1497 4331 1609 4401 urbem
1621 4333 1707 4401 Lau·

573 4557 603 4612 (tl
619 4553 817 4613 samnitium
856 4555 943 4612 ΜΝ
957 4553 1126 4600 murmanus
1155 4553 1351 4610 (etBbdeaereos
1364 4555 1401 4601 ubl
1443 4555 1474 4613 (dl
1488 4553 1708 4613 Bbdeplorebimua

556 4757 599 4826 (t)
618 4756 743 4813 «Clavea
770 4757 804 4812 de
822 4771 874 4812 suo
894 4755 993 4828 (regis)
1015 4769 1089 4810 man·
1135 4752 1312 4810 «Antonium
1326 4767 1354 4810 et
1369 4755 1454 4812 allum
1466 4755 1597 4812 custodiri
1608 4755 1709 4813 fecit».

523 4839 611 4896 «dato
621 4839 823 4898 mareschalcus
831 4841 941 4914 recepit,
953 4853 981 4896 et
989 4839 1092 4896 dictum
1138 4837 1202 4895 Ntc.
1215 4837 1304 4895 Born.
1318 4839 1378 4912 898.
