<?xml version="1.0" encoding="UTF-8"?>
<!DOCTYPE html PUBLIC "-//W3C//DTD XHTML 1.0 Transitional//EN"
    "http://www.w3.org/TR/xhtml1/DTD/xhtml1-transitional.dtd">
<html xmlns="http://www.w3.org/1999/xhtml" xml:lang="en" lang="en">
 <head>
  <title>
</title>
<meta http-equiv="Content-Type" content="text/html;charset=utf-8" />
  <meta name='ocr-system' content='tesseract 3.04.00' />
  <meta name='ocr-capabilities' content='ocr_page ocr_carea ocr_par ocr_line ocrx_word'/>
</head>
<body>
  <div class='ocr_page' id='page_1' title='image "./historiaiohanni01farrgoog_0076.png"; bbox 0 0 3874 5886; ppageno 0'>
   <div class='ocr_carea' id='block_1_1' title="bbox 349 755 438 802">
    <p class='ocr_par' dir='ltr' id='par_1_1' title="bbox 349 755 438 802">
     <span class='ocr_line' id='line_1_1' title="bbox 349 755 438 802; baseline -0.011 -2"><span class='ocrx_word' id='word_1_1' title='bbox 349 765 372 802; x_wconf 84' lang='lat' dir='ltr'>c.</span> <span class='ocrx_word' id='word_1_2' title='bbox 387 755 438 802; x_wconf 76' lang='grc' dir='ltr'>Βιι</span> 
     </span>
    </p>
   </div>
   <div class='ocr_carea' id='block_1_2' title="bbox 494 495 1758 2894">
    <p class='ocr_par' dir='ltr' id='par_1_2' title="bbox 505 495 1182 564">
     <span class='ocr_line' id='line_1_2' title="bbox 505 495 1182 564; baseline 0.003 -6"><span class='ocrx_word' id='word_1_3' title='bbox 505 495 544 559; x_wconf 84' lang='lat'>16</span> <span class='ocrx_word' id='word_1_4' title='bbox 935 505 1182 564; x_wconf 85' lang='lat' dir='ltr'>HISTORIA</span> 
     </span>
    </p>

    <p class='ocr_par' dir='ltr' id='par_1_3' title="bbox 494 723 1758 2894">
     <span class='ocr_line' id='line_1_3' title="bbox 565 723 1687 816; baseline -0.004 -19"><span class='ocrx_word' id='word_1_5' title='bbox 565 729 623 797; x_wconf 86' lang='lat' dir='ltr'>Vl.</span> <span class='ocrx_word' id='word_1_6' title='bbox 670 728 859 798; x_wconf 89' lang='lat' dir='ltr'>Humanum</span> <span class='ocrx_word' id='word_1_7' title='bbox 877 750 979 816; x_wconf 89' lang='lat' dir='ltr'>genus</span> <span class='ocrx_word' id='word_1_8' title='bbox 993 745 1080 795; x_wconf 86' lang='lat' dir='ltr'>tanta</span> <span class='ocrx_word' id='word_1_9' title='bbox 1093 727 1256 816; x_wconf 88' lang='lat' dir='ltr'>utriusque</span> <span class='ocrx_word' id='word_1_10' title='bbox 1271 725 1407 814; x_wconf 89' lang='lat' dir='ltr'>parentis</span> <span class='ocrx_word' id='word_1_11' title='bbox 1426 723 1504 793; x_wconf 85' lang='lat' dir='ltr'>vitio</span> <span class='ocrx_word' id='word_1_12' title='bbox 1519 723 1687 813; x_wconf 85' lang='lat' dir='ltr'>fragilitate</span> 
     </span>
     <span class='ocr_line' id='line_1_4' title="bbox 497 838 1687 933; baseline -0.003 -23"><span class='ocrx_word' id='word_1_13' title='bbox 497 840 630 925; x_wconf 90' lang='lat' dir='ltr'>laborat,</span> <span class='ocrx_word' id='word_1_14' title='bbox 649 860 685 911; x_wconf 89' lang='lat' dir='ltr'>ut</span> <span class='ocrx_word' id='word_1_15' title='bbox 702 844 770 912; x_wconf 89' lang='lat' dir='ltr'>eius</span> <span class='ocrx_word' id='word_1_16' title='bbox 789 843 903 912; x_wconf 88' lang='lat' dir='ltr'>misera</span> <span class='ocrx_word' id='word_1_17' title='bbox 926 841 1067 910; x_wconf 90' lang='lat' dir='ltr'>conditio</span> <span class='ocrx_word' id='word_1_18' title='bbox 1078 863 1180 933; x_wconf 89' lang='lat' dir='ltr'>prona</span> <span class='ocrx_word' id='word_1_19' title='bbox 1193 840 1375 910; x_wconf 85' lang='lat' dir='ltr'>naturaliter</span> <span class='ocrx_word' id='word_1_20' title='bbox 1394 858 1426 908; x_wconf 89' lang='lat' dir='ltr'>et</span> <span class='ocrx_word' id='word_1_21' title='bbox 1439 838 1539 908; x_wconf 87' lang='lat' dir='ltr'>labilis</span> <span class='ocrx_word' id='word_1_22' title='bbox 1559 838 1598 908; x_wconf 89' lang='lat' dir='ltr'>ad</span> <span class='ocrx_word' id='word_1_23' title='bbox 1613 861 1687 928; x_wconf 90' lang='lat' dir='ltr'>pec·</span> 
     </span>
     <span class='ocr_line' id='line_1_5' title="bbox 498 953 1688 1038; baseline -0.003 -13"><span class='ocrx_word' id='word_1_24' title='bbox 498 955 637 1027; x_wconf 90' lang='lat' dir='ltr'>candum</span> <span class='ocrx_word' id='word_1_25' title='bbox 656 981 723 1026; x_wconf 92' lang='lat' dir='ltr'>non</span> <span class='ocrx_word' id='word_1_26' title='bbox 741 958 841 1027; x_wconf 89' lang='lat' dir='ltr'>modo</span> <span class='ocrx_word' id='word_1_27' title='bbox 860 957 899 1026; x_wconf 91' lang='lat' dir='ltr'>ad</span> <span class='ocrx_word' id='word_1_28' title='bbox 924 959 1211 1038; x_wconf 89' lang='lat' dir='ltr'>conservationem,</span> <span class='ocrx_word' id='word_1_29' title='bbox 1235 977 1348 1025; x_wconf 89' lang='lat' dir='ltr'>verum</span> <span class='ocrx_word' id='word_1_30' title='bbox 1370 955 1467 1024; x_wconf 87' lang='lat' dir='ltr'>etiam</span> <span class='ocrx_word' id='word_1_31' title='bbox 1487 953 1613 1024; x_wconf 90' lang='lat' dir='ltr'>adesse</span> <span class='ocrx_word' id='word_1_32' title='bbox 1637 953 1688 1022; x_wconf 85' lang='lat' dir='ltr'>sui</span> 
     </span>
     <span class='ocr_line' id='line_1_6' title="bbox 498 1069 1686 1162; baseline -0.002 -22"><span class='ocrx_word' id='word_1_33' title='bbox 498 1073 604 1162; x_wconf 81' lang='lat' dir='ltr'>erigat</span> <span class='ocrx_word' id='word_1_34' title='bbox 623 1091 658 1143; x_wconf 92' lang='lat' dir='ltr'>ut</span> <span class='ocrx_word' id='word_1_35' title='bbox 676 1075 761 1142; x_wconf 90' lang='lat' dir='ltr'>iusto</span> <span class='ocrx_word' id='word_1_36' title='bbox 780 1091 811 1141; x_wconf 90' lang='lat' dir='ltr'>et</span> <span class='ocrx_word' id='word_1_37' title='bbox 830 1089 940 1142; x_wconf 89' lang='lat' dir='ltr'>sancto</span> <span class='ocrx_word' id='word_1_38' title='bbox 959 1095 1073 1162; x_wconf 89' lang='lat' dir='ltr'>regum</span> <span class='ocrx_word' id='word_1_39' title='bbox 1096 1091 1293 1162; x_wconf 83' lang='lat' dir='ltr'>supponatur</span> <span class='ocrx_word' id='word_1_40' title='bbox 1314 1071 1449 1160; x_wconf 89' lang='lat' dir='ltr'>imperio</span> <span class='ocrx_word' id='word_1_41' title='bbox 1460 1069 1513 1138; x_wconf 84' lang='grc'>(·);</span> <span class='ocrx_word' id='word_1_42' title='bbox 1531 1092 1597 1160; x_wconf 91' lang='lat' dir='ltr'>quo</span> <span class='ocrx_word' id='word_1_43' title='bbox 1616 1091 1686 1138; x_wconf 89' lang='lat' dir='ltr'>cor·</span> 
     </span>
     <span class='ocr_line' id='line_1_7' title="bbox 497 1185 1733 1278; baseline -0.001 -24"><span class='ocrx_word' id='word_1_44' title='bbox 497 1189 589 1257; x_wconf 86' lang='lat' dir='ltr'>rectis</span> <span class='ocrx_word' id='word_1_45' title='bbox 601 1188 696 1272; x_wconf 92' lang='lat' dir='ltr'>vitiis,</span> <span class='ocrx_word' id='word_1_46' title='bbox 713 1188 867 1258; x_wconf 91' lang='lat' dir='ltr'>erroribus</span> <span class='ocrx_word' id='word_1_47' title='bbox 887 1187 984 1258; x_wconf 88' lang='lat' dir='ltr'>etiam</span> <span class='ocrx_word' id='word_1_48' title='bbox 1002 1187 1139 1278; x_wconf 84' lang='lat' dir='ltr'>depulsis</span> <span class='ocrx_word' id='word_1_49' title='bbox 1159 1187 1322 1262; x_wconf 83' lang='lat' dir='ltr'>salubriter</span> <span class='ocrx_word' id='word_1_50' title='bbox 1339 1187 1372 1254; x_wconf 92' lang='lat' dir='ltr'>in</span> <span class='ocrx_word' id='word_1_51' title='bbox 1392 1208 1469 1275; x_wconf 86' lang='lat' dir='ltr'>pace</span> <span class='ocrx_word' id='word_1_52' title='bbox 1488 1187 1629 1276; x_wconf 89' lang='lat' dir='ltr'>quiescat</span> <span class='ocrx_word' id='word_1_53' title='bbox 1639 1185 1684 1253; x_wconf 79' lang='lat'>(¹).</span> <span class='ocrx_word' id='word_1_54' title='bbox 1715 1211 1733 1277; x_wconf 85' lang='lat'><em>5</em></span> 
     </span>
     <span class='ocr_line' id='line_1_8' title="bbox 497 1300 1685 1392; baseline 0 -22"><span class='ocrx_word' id='word_1_55' title='bbox 497 1302 571 1373; x_wconf 94' lang='lat' dir='ltr'>inde</span> <span class='ocrx_word' id='word_1_56' title='bbox 589 1302 758 1374; x_wconf 88' lang='lat' dir='ltr'>luminaria</span> <span class='ocrx_word' id='word_1_57' title='bbox 776 1303 840 1374; x_wconf 93' lang='lat' dir='ltr'>duo</span> <span class='ocrx_word' id='word_1_58' title='bbox 859 1303 1010 1374; x_wconf 68' lang='lat' dir='ltr'>divinae&gt;</span> <span class='ocrx_word' id='word_1_59' title='bbox 1029 1300 1177 1372; x_wconf 90' lang='lat' dir='ltr'>videntur</span> <span class='ocrx_word' id='word_1_60' title='bbox 1192 1302 1287 1372; x_wconf 85' lang='lat' dir='ltr'>fuisse</span> <span class='ocrx_word' id='word_1_61' title='bbox 1305 1302 1489 1392; x_wconf 87' lang='lat' dir='ltr'>provisione</span> <span class='ocrx_word' id='word_1_62' title='bbox 1504 1319 1631 1384; x_wconf 89' lang='lat' dir='ltr'>statuta,</span> <span class='ocrx_word' id='word_1_63' title='bbox 1643 1324 1685 1370; x_wconf 90' lang='lat' dir='ltr'>ne</span> 
     </span>
     <span class='ocr_line' id='line_1_9' title="bbox 496 1416 1686 1510; baseline -0.002 -22"><span class='ocrx_word' id='word_1_64' title='bbox 496 1441 560 1508; x_wconf 86' lang='lat' dir='ltr'>qua</span> <span class='ocrx_word' id='word_1_65' title='bbox 576 1420 626 1490; x_wconf 92' lang='lat' dir='ltr'>sui</span> <span class='ocrx_word' id='word_1_66' title='bbox 644 1437 731 1510; x_wconf 86' lang='lat' dir='ltr'>parte</span> <span class='ocrx_word' id='word_1_67' title='bbox 751 1420 898 1490; x_wconf 88' lang='lat' dir='ltr'>destituta</span> <span class='ocrx_word' id='word_1_68' title='bbox 913 1421 1069 1510; x_wconf 86' lang='lat' dir='ltr'>regimine</span> <span class='ocrx_word' id='word_1_69' title='bbox 1084 1421 1197 1488; x_wconf 90' lang='lat' dir='ltr'>titubet</span> <span class='ocrx_word' id='word_1_70' title='bbox 1215 1419 1408 1508; x_wconf 86' lang='lat' dir='ltr'>compositio</span> <span class='ocrx_word' id='word_1_71' title='bbox 1427 1437 1493 1486; x_wconf 90' lang='lat' dir='ltr'>tam</span> <span class='ocrx_word' id='word_1_72' title='bbox 1511 1416 1626 1487; x_wconf 91' lang='lat' dir='ltr'>nobilis</span> <span class='ocrx_word' id='word_1_73' title='bbox 1638 1417 1686 1500; x_wconf 49' lang='grc' dir='ltr'>(ι),</span> 
     </span>
     <span class='ocr_line' id='line_1_10' title="bbox 496 1531 1686 1624; baseline 0.001 -23"><span class='ocrx_word' id='word_1_74' title='bbox 496 1533 613 1624; x_wconf 85' lang='lat' dir='ltr'>papalis</span> <span class='ocrx_word' id='word_1_75' title='bbox 623 1533 761 1624; x_wconf 87' lang='lat' dir='ltr'>dignitas</span> <span class='ocrx_word' id='word_1_76' title='bbox 774 1535 902 1619; x_wconf 89' lang='lat' dir='ltr'>scilicet,</span> <span class='ocrx_word' id='word_1_77' title='bbox 914 1554 945 1604; x_wconf 91' lang='lat' dir='ltr'>et</span> <span class='ocrx_word' id='word_1_78' title='bbox 959 1534 1128 1624; x_wconf 88' lang='lat' dir='ltr'>imperialis</span> <span class='ocrx_word' id='word_1_79' title='bbox 1138 1552 1289 1624; x_wconf 88' lang='lat' dir='ltr'>potestas,</span> <span class='ocrx_word' id='word_1_80' title='bbox 1304 1533 1419 1624; x_wconf 91' lang='lat' dir='ltr'>quibus</span> <span class='ocrx_word' id='word_1_81' title='bbox 1434 1551 1588 1602; x_wconf 85' lang='lat' dir='ltr'>terramm</span> <span class='ocrx_word' id='word_1_82' title='bbox 1600 1531 1686 1602; x_wconf 91' lang='lat' dir='ltr'>orbis</span> 
     </span>
     <span class='ocr_line' id='line_1_11' title="bbox 496 1647 1684 1740; baseline -0.002 -22"><span class='ocrx_word' id='word_1_83' title='bbox 496 1651 684 1719; x_wconf 84' lang='lat' dir='ltr'>universitas</span> <span class='ocrx_word' id='word_1_84' title='bbox 696 1669 762 1717; x_wconf 89' lang='lat' dir='ltr'>tarn</span> <span class='ocrx_word' id='word_1_85' title='bbox 773 1651 805 1718; x_wconf 88' lang='lat' dir='ltr'>in</span> <span class='ocrx_word' id='word_1_86' title='bbox 818 1651 1029 1740; x_wconf 83' lang='lat' dir='ltr'>spiritualibus</span> <span class='ocrx_word' id='word_1_87' title='bbox 1040 1673 1137 1740; x_wconf 87' lang='lat' dir='ltr'>quam</span> <span class='ocrx_word' id='word_1_88' title='bbox 1150 1651 1184 1718; x_wconf 92' lang='lat' dir='ltr'>in</span> <span class='ocrx_word' id='word_1_89' title='bbox 1196 1648 1422 1740; x_wconf 85' lang='lat' dir='ltr'>temporalibus</span> <span class='ocrx_word' id='word_1_90' title='bbox 1434 1647 1628 1738; x_wconf 90' lang='lat' dir='ltr'>gubernetur</span> <span class='ocrx_word' id='word_1_91' title='bbox 1638 1647 1684 1716; x_wconf 80' lang='lat'>(¹).</span> 
     </span>
     <span class='ocr_line' id='line_1_12' title="bbox 496 1764 1758 1858; baseline 0.002 -24"><span class='ocrx_word' id='word_1_92' title='bbox 496 1789 611 1858; x_wconf 89' lang='lat' dir='ltr'>neque,</span> <span class='ocrx_word' id='word_1_93' title='bbox 631 1765 696 1834; x_wconf 94' lang='lat' dir='ltr'>ullo</span> <span class='ocrx_word' id='word_1_94' title='bbox 712 1767 790 1848; x_wconf 90' lang='lat' dir='ltr'>iure,</span> <span class='ocrx_word' id='word_1_95' title='bbox 808 1768 977 1858; x_wconf 89' lang='lat' dir='ltr'>quisquam</span> <span class='ocrx_word' id='word_1_96' title='bbox 996 1764 1035 1835; x_wconf 92' lang='lat' dir='ltr'>ab</span> <span class='ocrx_word' id='word_1_97' title='bbox 1058 1767 1106 1834; x_wconf 91' lang='lat' dir='ltr'>bis</span> <span class='ocrx_word' id='word_1_98' title='bbox 1130 1765 1311 1834; x_wconf 88' lang='lat' dir='ltr'>subtrahere</span> <span class='ocrx_word' id='word_1_99' title='bbox 1327 1787 1395 1834; x_wconf 91' lang='lat' dir='ltr'>sese</span> <span class='ocrx_word' id='word_1_100' title='bbox 1410 1783 1508 1854; x_wconf 88' lang='lat' dir='ltr'>putet,</span> <span class='ocrx_word' id='word_1_101' title='bbox 1526 1787 1600 1832; x_wconf 89' lang='lat' dir='ltr'>cum</span> <span class='ocrx_word' id='word_1_102' title='bbox 1615 1787 1685 1832; x_wconf 88' lang='lat' dir='ltr'>cae·</span> <span class='ocrx_word' id='word_1_103' title='bbox 1717 1787 1758 1836; x_wconf 92' lang='grc' dir='ltr'>ιο</span> 
     </span>
     <span class='ocr_line' id='line_1_13' title="bbox 496 1879 1685 1973; baseline -0.002 -23"><span class='ocrx_word' id='word_1_104' title='bbox 496 1881 570 1950; x_wconf 90' lang='lat' dir='ltr'>teris</span> <span class='ocrx_word' id='word_1_105' title='bbox 582 1881 780 1966; x_wconf 86' lang='lat' dir='ltr'>animalibus,</span> <span class='ocrx_word' id='word_1_106' title='bbox 794 1881 907 1973; x_wconf 92' lang='lat' dir='ltr'>quibus</span> <span class='ocrx_word' id='word_1_107' title='bbox 918 1881 1042 1951; x_wconf 89' lang='lat' dir='ltr'>nullum</span> <span class='ocrx_word' id='word_1_108' title='bbox 1056 1882 1139 1950; x_wconf 89' lang='lat' dir='ltr'>inest</span> <span class='ocrx_word' id='word_1_109' title='bbox 1154 1881 1286 1950; x_wconf 88' lang='lat' dir='ltr'>rationis</span> <span class='ocrx_word' id='word_1_110' title='bbox 1300 1881 1456 1970; x_wconf 86' lang='lat' dir='ltr'>regimen,</span> <span class='ocrx_word' id='word_1_111' title='bbox 1471 1879 1511 1949; x_wconf 91' lang='lat' dir='ltr'>ad</span> <span class='ocrx_word' id='word_1_112' title='bbox 1527 1898 1685 1964; x_wconf 87' lang='lat' dir='ltr'>nostrum,</span> 
     </span>
     <span class='ocr_line' id='line_1_14' title="bbox 496 1994 1685 2087; baseline 0 -24"><span class='ocrx_word' id='word_1_113' title='bbox 496 2013 532 2062; x_wconf 90' lang='lat' dir='ltr'>ut</span> <span class='ocrx_word' id='word_1_114' title='bbox 549 2013 638 2085; x_wconf 90' lang='lat' dir='ltr'>puto,</span> <span class='ocrx_word' id='word_1_115' title='bbox 658 2014 790 2086; x_wconf 83' lang='lat' dir='ltr'>urgente</span> <span class='ocrx_word' id='word_1_116' title='bbox 809 2017 920 2084; x_wconf 86' lang='lat' dir='ltr'>namra</span> <span class='ocrx_word' id='word_1_117' title='bbox 931 1996 986 2087; x_wconf 68' lang='lat' dir='ltr'>(op</span> <span class='ocrx_word' id='word_1_118' title='bbox 999 1995 1206 2066; x_wconf 87' lang='lat' dir='ltr'>solummodo</span> <span class='ocrx_word' id='word_1_119' title='bbox 1225 1996 1456 2065; x_wconf 90' lang='lat' dir='ltr'>documentum</span> <span class='ocrx_word' id='word_1_120' title='bbox 1473 1994 1588 2064; x_wconf 88' lang='lat' dir='ltr'>habere</span> <span class='ocrx_word' id='word_1_121' title='bbox 1599 1994 1685 2084; x_wconf 90' lang='lat' dir='ltr'>prin·</span> 
     </span>
     <span class='ocr_line' id='line_1_15' title="bbox 496 2109 1686 2202; baseline -0.001 -23"><span class='ocrx_word' id='word_1_122' title='bbox 496 2110 612 2202; x_wconf 89' lang='lat' dir='ltr'>cipem,</span> <span class='ocrx_word' id='word_1_123' title='bbox 630 2131 662 2180; x_wconf 90' lang='lat' dir='ltr'>et</span> <span class='ocrx_word' id='word_1_124' title='bbox 680 2109 739 2179; x_wconf 91' lang='lat' dir='ltr'>sub</span> <span class='ocrx_word' id='word_1_125' title='bbox 757 2113 827 2201; x_wconf 91' lang='lat' dir='ltr'>ipso</span> <span class='ocrx_word' id='word_1_126' title='bbox 845 2131 980 2182; x_wconf 86' lang='lat' dir='ltr'>tremere</span> <span class='ocrx_word' id='word_1_127' title='bbox 1000 2112 1110 2181; x_wconf 87' lang='lat' dir='ltr'>datum</span> <span class='ocrx_word' id='word_1_128' title='bbox 1129 2113 1179 2194; x_wconf 87' lang='lat' dir='ltr'>sit,</span> <span class='ocrx_word' id='word_1_129' title='bbox 1199 2131 1235 2182; x_wconf 91' lang='lat' dir='ltr'>ut</span> <span class='ocrx_word' id='word_1_130' title='bbox 1248 2128 1354 2202; x_wconf 89' lang='lat' dir='ltr'>aperte</span> <span class='ocrx_word' id='word_1_131' title='bbox 1370 2109 1528 2180; x_wconf 86' lang='lat' dir='ltr'>videmus.</span> <span class='ocrx_word' id='word_1_132' title='bbox 1575 2131 1686 2178; x_wconf 89' lang='lat' dir='ltr'>nonne</span> 
     </span>
     <span class='ocr_line' id='line_1_16' title="bbox 495 2225 1685 2320; baseline 0.002 -26"><span class='ocrx_word' id='word_1_133' title='bbox 495 2226 655 2318; x_wconf 91' lang='lat' dir='ltr'>pecudum</span> <span class='ocrx_word' id='word_1_134' title='bbox 677 2247 797 2296; x_wconf 89' lang='lat' dir='ltr'>tremor</span> <span class='ocrx_word' id='word_1_135' title='bbox 819 2228 948 2296; x_wconf 90' lang='lat' dir='ltr'>leonem</span> <span class='ocrx_word' id='word_1_136' title='bbox 971 2227 1029 2298; x_wconf 88' lang='lat' dir='ltr'>sibi</span> <span class='ocrx_word' id='word_1_137' title='bbox 1052 2251 1163 2318; x_wconf 87' lang='lat' dir='ltr'>regem</span> <span class='ocrx_word' id='word_1_138' title='bbox 1186 2250 1255 2296; x_wconf 89' lang='lat' dir='ltr'>esse</span> <span class='ocrx_word' id='word_1_139' title='bbox 1279 2226 1501 2297; x_wconf 84' lang='lat' dir='ltr'>demonstrat?</span> <span class='ocrx_word' id='word_1_140' title='bbox 1546 2225 1685 2320; x_wconf 75' lang='lat' dir='ltr'>aquilam</span> 
     </span>
     <span class='ocr_line' id='line_1_17' title="bbox 495 2342 1753 2434; baseline 0.001 -23"><span class='ocrx_word' id='word_1_141' title='bbox 495 2361 613 2434; x_wconf 89' lang='lat' dir='ltr'>pavent</span> <span class='ocrx_word' id='word_1_142' title='bbox 624 2365 709 2425; x_wconf 90' lang='lat' dir='ltr'>aves,</span> <span class='ocrx_word' id='word_1_143' title='bbox 725 2361 760 2412; x_wconf 90' lang='lat' dir='ltr'>ut</span> <span class='ocrx_word' id='word_1_144' title='bbox 770 2342 937 2412; x_wconf 88' lang='lat' dir='ltr'>dominam</span> <span class='ocrx_word' id='word_1_145' title='bbox 950 2343 985 2412; x_wconf 88' lang='lat' dir='ltr'>in</span> <span class='ocrx_word' id='word_1_146' title='bbox 998 2342 1107 2434; x_wconf 89' lang='lat' dir='ltr'>apibus</span> <span class='ocrx_word' id='word_1_147' title='bbox 1121 2345 1267 2412; x_wconf 89' lang='lat' dir='ltr'>asseritur</span> <span class='ocrx_word' id='word_1_148' title='bbox 1282 2365 1350 2412; x_wconf 86' lang='lat' dir='ltr'>esse</span> <span class='ocrx_word' id='word_1_149' title='bbox 1364 2361 1468 2411; x_wconf 90' lang='lat' dir='ltr'>rector</span> <span class='ocrx_word' id='word_1_150' title='bbox 1482 2363 1576 2424; x_wconf 90' lang='lat' dir='ltr'>unus,</span> <span class='ocrx_word' id='word_1_151' title='bbox 1586 2363 1684 2433; x_wconf 90' lang='lat' dir='ltr'>quem</span> <span class='ocrx_word' id='word_1_152' title='bbox 1715 2366 1729 2412; x_wconf 92' lang='grc' dir='ltr'><strong>ι</strong></span> <span class='ocrx_word' id='word_1_153' title='bbox 1735 2367 1753 2432; x_wconf 86' lang='lat'><em>5</em></span> 
     </span>
     <span class='ocr_line' id='line_1_18' title="bbox 496 2455 1685 2550; baseline 0.001 -27"><span class='ocrx_word' id='word_1_154' title='bbox 496 2457 592 2524; x_wconf 90' lang='lat' dir='ltr'>etiam</span> <span class='ocrx_word' id='word_1_155' title='bbox 606 2457 706 2547; x_wconf 87' lang='lat' dir='ltr'>vulgo</span> <span class='ocrx_word' id='word_1_156' title='bbox 718 2459 856 2547; x_wconf 91' lang='lat' dir='ltr'>ipsarum</span> <span class='ocrx_word' id='word_1_157' title='bbox 867 2457 1042 2550; x_wconf 87' lang='lat' dir='ltr'>principem</span> <span class='ocrx_word' id='word_1_158' title='bbox 1055 2457 1249 2548; x_wconf 87' lang='lat' dir='ltr'>appellamus</span> <span class='ocrx_word' id='word_1_159' title='bbox 1259 2455 1302 2524; x_wconf 70' lang='lat' dir='ltr'>b).</span> <span class='ocrx_word' id='word_1_160' title='bbox 1344 2459 1449 2549; x_wconf 83' lang='lat' dir='ltr'>itaque</span> <span class='ocrx_word' id='word_1_161' title='bbox 1461 2473 1584 2539; x_wconf 87' lang='lat' dir='ltr'>natura,</span> <span class='ocrx_word' id='word_1_162' title='bbox 1594 2455 1685 2524; x_wconf 87' lang='lat' dir='ltr'>omni</span> 
     </span>
     <span class='ocr_line' id='line_1_19' title="bbox 496 2570 1683 2666; baseline 0 -26"><span class='ocrx_word' id='word_1_163' title='bbox 496 2591 561 2640; x_wconf 87' lang='lat' dir='ltr'>arte</span> <span class='ocrx_word' id='word_1_164' title='bbox 571 2571 726 2656; x_wconf 89' lang='lat' dir='ltr'>solertior,</span> <span class='ocrx_word' id='word_1_165' title='bbox 742 2591 855 2642; x_wconf 83' lang='lat' dir='ltr'>cuncta</span> <span class='ocrx_word' id='word_1_166' title='bbox 869 2574 1018 2642; x_wconf 86' lang='lat' dir='ltr'>animalia</span> <span class='ocrx_word' id='word_1_167' title='bbox 1028 2593 1151 2664; x_wconf 91' lang='lat' dir='ltr'>praeter</span> <span class='ocrx_word' id='word_1_168' title='bbox 1162 2573 1329 2642; x_wconf 86' lang='lat' dir='ltr'>bominem</span> <span class='ocrx_word' id='word_1_169' title='bbox 1342 2596 1486 2666; x_wconf 89' lang='lat' dir='ltr'>praeesse</span> <span class='ocrx_word' id='word_1_170' title='bbox 1503 2595 1540 2641; x_wconf 88' lang='lat' dir='ltr'>ac</span> <span class='ocrx_word' id='word_1_171' title='bbox 1553 2570 1683 2642; x_wconf 83' lang='lat' dir='ltr'>subesse</span> 
     </span>
     <span class='ocr_line' id='line_1_20' title="bbox 495 2685 1682 2780; baseline -0.002 -24"><span class='ocrx_word' id='word_1_172' title='bbox 495 2685 598 2758; x_wconf 88' lang='lat' dir='ltr'>docet.</span> <span class='ocrx_word' id='word_1_173' title='bbox 644 2687 731 2756; x_wconf 92' lang='lat' dir='ltr'>solus</span> <span class='ocrx_word' id='word_1_174' title='bbox 750 2689 861 2773; x_wconf 89' lang='lat' dir='ltr'>homo,</span> <span class='ocrx_word' id='word_1_175' title='bbox 879 2689 962 2758; x_wconf 90' lang='lat' dir='ltr'>sicut</span> <span class='ocrx_word' id='word_1_176' title='bbox 984 2688 1121 2778; x_wconf 85' lang='lat' dir='ltr'>expedit,</span> <span class='ocrx_word' id='word_1_177' title='bbox 1142 2689 1295 2780; x_wconf 88' lang='lat' dir='ltr'>imperare</span> <span class='ocrx_word' id='word_1_178' title='bbox 1319 2707 1373 2758; x_wconf 89' lang='lat' dir='ltr'>aut</span> <span class='ocrx_word' id='word_1_179' title='bbox 1395 2710 1505 2780; x_wconf 87' lang='lat' dir='ltr'>parere</span> <span class='ocrx_word' id='word_1_180' title='bbox 1527 2688 1682 2768; x_wconf 86' lang='lat' dir='ltr'>nesciens,</span> 
     </span>
     <span class='ocr_line' id='line_1_21' title="bbox 494 2801 1682 2894; baseline 0.001 -21"><span class='ocrx_word' id='word_1_181' title='bbox 494 2803 655 2894; x_wconf 88' lang='lat' dir='ltr'>quiescere</span> <span class='ocrx_word' id='word_1_182' title='bbox 671 2805 770 2873; x_wconf 88' lang='lat' dir='ltr'>nescit</span> <span class='ocrx_word' id='word_1_183' title='bbox 788 2804 822 2872; x_wconf 92' lang='lat' dir='ltr'>in</span> <span class='ocrx_word' id='word_1_184' title='bbox 841 2825 928 2894; x_wconf 89' lang='lat' dir='ltr'>pace.</span> <span class='ocrx_word' id='word_1_185' title='bbox 974 2806 1096 2873; x_wconf 87' lang='lat' dir='ltr'>Verum</span> <span class='ocrx_word' id='word_1_186' title='bbox 1115 2805 1205 2874; x_wconf 87' lang='lat' dir='ltr'>cuius</span> <span class='ocrx_word' id='word_1_187' title='bbox 1223 2804 1265 2872; x_wconf 90' lang='lat' dir='ltr'>sit</span> <span class='ocrx_word' id='word_1_188' title='bbox 1282 2803 1334 2873; x_wconf 89' lang='lat' dir='ltr'>ille</span> <span class='ocrx_word' id='word_1_189' title='bbox 1355 2803 1496 2874; x_wconf 90' lang='lat' dir='ltr'>defectus</span> <span class='ocrx_word' id='word_1_190' title='bbox 1519 2823 1574 2873; x_wconf 89' lang='lat' dir='ltr'>aut</span> <span class='ocrx_word' id='word_1_191' title='bbox 1597 2801 1682 2874; x_wconf 87' lang='lat' dir='ltr'>unde</span> 
     </span>
    </p>
   </div>
   <div class='ocr_carea' id='block_1_3' title="bbox 493 2919 1755 3362">
    <p class='ocr_par' dir='ltr' id='par_1_4' title="bbox 493 2919 1755 3362">
     <span class='ocr_line' id='line_1_22' title="bbox 493 2919 1755 3018; baseline -0.001 -27"><span class='ocrx_word' id='word_1_192' title='bbox 493 2921 625 3013; x_wconf 88' lang='lat' dir='ltr'>prodeat</span> <span class='ocrx_word' id='word_1_193' title='bbox 642 2939 709 2990; x_wconf 86' lang='lat' dir='ltr'>tam</span> <span class='ocrx_word' id='word_1_194' title='bbox 727 2919 838 2990; x_wconf 87' lang='lat' dir='ltr'>letiferi</span> <span class='ocrx_word' id='word_1_195' title='bbox 855 2943 948 2990; x_wconf 90' lang='lat' dir='ltr'>causa</span> <span class='ocrx_word' id='word_1_196' title='bbox 967 2920 1054 3004; x_wconf 87' lang='lat' dir='ltr'>mali,</span> <span class='ocrx_word' id='word_1_197' title='bbox 1074 2921 1191 2990; x_wconf 90' lang='lat' dir='ltr'>nescio.</span> <span class='ocrx_word' id='word_1_198' title='bbox 1237 2919 1294 2990; x_wconf 91' lang='lat' dir='ltr'>sed</span> <span class='ocrx_word' id='word_1_199' title='bbox 1317 2944 1335 2990; x_wconf 89' lang='lat' dir='ltr'>a</span> <span class='ocrx_word' id='word_1_200' title='bbox 1357 2939 1512 3012; x_wconf 82' lang='lat' dir='ltr'>regnante</span> <span class='ocrx_word' id='word_1_201' title='bbox 1535 2919 1682 2990; x_wconf 86' lang='lat' dir='ltr'>videmus</span> <span class='ocrx_word' id='word_1_202' title='bbox 1710 2967 1755 3018; x_wconf 75' lang='lat'>20</span> 
     </span>
     <span class='ocr_line' id='line_1_23' title="bbox 493 3035 1683 3128; baseline -0.002 -22"><span class='ocrx_word' id='word_1_203' title='bbox 493 3037 678 3128; x_wconf 81' lang='lat' dir='ltr'>plenamque</span> <span class='ocrx_word' id='word_1_204' title='bbox 694 3035 834 3128; x_wconf 86' lang='lat' dir='ltr'>procedi,</span> <span class='ocrx_word' id='word_1_205' title='bbox 848 3035 904 3128; x_wconf 91' lang='lat' dir='ltr'>qui</span> <span class='ocrx_word' id='word_1_206' title='bbox 919 3036 958 3105; x_wconf 88' lang='lat' dir='ltr'>ad</span> <span class='ocrx_word' id='word_1_207' title='bbox 975 3035 1226 3105; x_wconf 87' lang='lat' dir='ltr'>conservandam</span> <span class='ocrx_word' id='word_1_208' title='bbox 1250 3037 1413 3119; x_wconf 84' lang='lat' dir='ltr'>iustitiam,</span> <span class='ocrx_word' id='word_1_209' title='bbox 1436 3037 1505 3106; x_wconf 90' lang='lat' dir='ltr'>sine</span> <span class='ocrx_word' id='word_1_210' title='bbox 1522 3059 1585 3126; x_wconf 86' lang='lat' dir='ltr'>qua</span> <span class='ocrx_word' id='word_1_211' title='bbox 1604 3035 1683 3106; x_wconf 89' lang='lat' dir='ltr'>nihil</span> 
     </span>
     <span class='ocr_line' id='line_1_24' title="bbox 493 3151 1683 3244; baseline -0.002 -22"><span class='ocrx_word' id='word_1_212' title='bbox 493 3171 577 3222; x_wconf 88' lang='lat' dir='ltr'>recte</span> <span class='ocrx_word' id='word_1_213' title='bbox 595 3155 708 3244; x_wconf 84' lang='lat' dir='ltr'>agitur,</span> <span class='ocrx_word' id='word_1_214' title='bbox 723 3153 876 3222; x_wconf 88' lang='lat' dir='ltr'>eminenti</span> <span class='ocrx_word' id='word_1_215' title='bbox 894 3153 967 3222; x_wconf 90' lang='lat' dir='ltr'>loco</span> <span class='ocrx_word' id='word_1_216' title='bbox 985 3151 1107 3222; x_wconf 88' lang='lat' dir='ltr'>locatus</span> <span class='ocrx_word' id='word_1_217' title='bbox 1125 3151 1312 3242; x_wconf 89' lang='lat' dir='ltr'>plerumque</span> <span class='ocrx_word' id='word_1_218' title='bbox 1323 3151 1474 3221; x_wconf 89' lang='lat' dir='ltr'>deficiens</span> <span class='ocrx_word' id='word_1_219' title='bbox 1485 3153 1521 3208; x_wconf 58' lang='lat' dir='ltr'>(t)</span> <span class='ocrx_word' id='word_1_220' title='bbox 1538 3151 1619 3220; x_wconf 87' lang='lat' dir='ltr'>vitio</span> <span class='ocrx_word' id='word_1_221' title='bbox 1630 3151 1683 3221; x_wconf 88' lang='lat' dir='ltr'>vel</span> 
     </span>
     <span class='ocr_line' id='line_1_25' title="bbox 493 3265 1682 3362; baseline -0.003 -24"><span class='ocrx_word' id='word_1_222' title='bbox 493 3267 617 3338; x_wconf 90' lang='lat' dir='ltr'>defectu</span> <span class='ocrx_word' id='word_1_223' title='bbox 630 3291 702 3362; x_wconf 87' lang='lat' dir='ltr'>suo,</span> <span class='ocrx_word' id='word_1_224' title='bbox 716 3268 867 3358; x_wconf 90' lang='lat' dir='ltr'>indignus</span> <span class='ocrx_word' id='word_1_225' title='bbox 879 3267 1022 3352; x_wconf 90' lang='lat' dir='ltr'>efficitur,</span> <span class='ocrx_word' id='word_1_226' title='bbox 1034 3286 1067 3337; x_wconf 91' lang='lat' dir='ltr'>et</span> <span class='ocrx_word' id='word_1_227' title='bbox 1077 3265 1265 3358; x_wconf 83' lang='lat' dir='ltr'>indignitate</span> <span class='ocrx_word' id='word_1_228' title='bbox 1283 3267 1463 3358; x_wconf 88' lang='lat' dir='ltr'>despicitur.</span> <span class='ocrx_word' id='word_1_229' title='bbox 1507 3267 1518 3358; x_wconf 94' lang='grc' dir='ltr'>Ι</span> <span class='ocrx_word' id='word_1_230' title='bbox 1536 3287 1585 3338; x_wconf 90' lang='lat' dir='ltr'>est</span> <span class='ocrx_word' id='word_1_231' title='bbox 1596 3291 1636 3336; x_wconf 91' lang='lat' dir='ltr'>ne</span> <span class='ocrx_word' id='word_1_232' title='bbox 1647 3267 1682 3335; x_wconf 89' lang='lat' dir='ltr'>in</span> 
     </span>
    </p>
   </div>
   <div class='ocr_carea' id='block_1_4' title="bbox 492 3443 1682 3654">
    <p class='ocr_par' dir='ltr' id='par_1_5' title="bbox 492 3443 1682 3654">
     <span class='ocr_line' id='line_1_26' title="bbox 545 3443 1682 3506; baseline -0.002 -14"><span class='ocrx_word' id='word_1_233' title='bbox 545 3449 576 3504; x_wconf 82' lang='grc' dir='ltr'>(ι)</span> <span class='ocrx_word' id='word_1_234' title='bbox 591 3449 630 3494; x_wconf 68' lang='lat' dir='ltr'>Ba</span> <span class='ocrx_word' id='word_1_235' title='bbox 643 3454 669 3494; x_wconf 86' lang='lat' dir='ltr'>ot</span> <span class='ocrx_word' id='word_1_236' title='bbox 681 3456 761 3494; x_wconf 76' lang='lat' dir='ltr'>nocto</span> <span class='ocrx_word' id='word_1_237' title='bbox 780 3455 802 3494; x_wconf 82' lang='lat' dir='ltr'>et</span> <span class='ocrx_word' id='word_1_238' title='bbox 816 3447 877 3493; x_wconf 79' lang='lat' dir='ltr'>lueto</span> <span class='ocrx_word' id='word_1_239' title='bbox 897 3445 1000 3506; x_wconf 65' lang='lat' dir='ltr'>regimini</span> <span class='ocrx_word' id='word_1_240' title='bbox 1022 3455 1162 3505; x_wconf 78' lang='lat' dir='ltr'>supponetur</span> <span class='ocrx_word' id='word_1_241' title='bbox 1230 3447 1262 3504; x_wconf 80' lang='lat' dir='ltr'>(b)</span> <span class='ocrx_word' id='word_1_242' title='bbox 1277 3447 1318 3492; x_wconf 72' lang='lat' dir='ltr'>Bb</span> <span class='ocrx_word' id='word_1_243' title='bbox 1332 3445 1384 3492; x_wconf 83' lang='lat' dir='ltr'>lude</span> <span class='ocrx_word' id='word_1_244' title='bbox 1398 3445 1444 3492; x_wconf 84' lang='lat' dir='ltr'>duo</span> <span class='ocrx_word' id='word_1_245' title='bbox 1464 3445 1582 3492; x_wconf 80' lang='lat' dir='ltr'>luminaria</span> <span class='ocrx_word' id='word_1_246' title='bbox 1596 3443 1682 3491; x_wconf 78' lang='lat' dir='ltr'>Mundo</span> 
     </span>
     <span class='ocr_line' id='line_1_27' title="bbox 492 3523 1682 3586; baseline 0 -14"><span class='ocrx_word' id='word_1_247' title='bbox 492 3529 522 3584; x_wconf 74' lang='lat' dir='ltr'>(el</span> <span class='ocrx_word' id='word_1_248' title='bbox 534 3527 572 3574; x_wconf 77' lang='lat' dir='ltr'>at</span> <span class='ocrx_word' id='word_1_249' title='bbox 581 3526 662 3574; x_wconf 79' lang='lat' dir='ltr'>nobille</span> <span class='ocrx_word' id='word_1_250' title='bbox 670 3535 785 3574; x_wconf 78' lang='lat' dir='ltr'>creaturae</span> <span class='ocrx_word' id='word_1_251' title='bbox 838 3529 870 3584; x_wconf 83' lang='lat' dir='ltr'>(d)</span> <span class='ocrx_word' id='word_1_252' title='bbox 880 3527 920 3574; x_wconf 74' lang='lat' dir='ltr'>Bb</span> <span class='ocrx_word' id='word_1_253' title='bbox 929 3534 1022 3586; x_wconf 75' lang='lat' dir='ltr'>urgente</span> <span class='ocrx_word' id='word_1_254' title='bbox 1032 3535 1111 3574; x_wconf 78' lang='lat' dir='ltr'>nature</span> <span class='ocrx_word' id='word_1_255' title='bbox 1120 3527 1216 3584; x_wconf 75' lang='lat' dir='ltr'>(timere)</span> <span class='ocrx_word' id='word_1_256' title='bbox 1228 3539 1277 3574; x_wconf 75' lang='lat' dir='ltr'>esee</span> <span class='ocrx_word' id='word_1_257' title='bbox 1286 3525 1410 3586; x_wconf 73' lang='lat' dir='ltr'>principem</span> <span class='ocrx_word' id='word_1_258' title='bbox 1465 3529 1495 3582; x_wconf 88' lang='lat' dir='ltr'>(e)</span> <span class='ocrx_word' id='word_1_259' title='bbox 1505 3523 1682 3584; x_wconf 77' lang='grc' dir='ltr'><strong>Λαριοιίιιιιοιῑ</strong></span> 
     </span>
     <span class='ocr_line' id='line_1_28' title="bbox 495 3607 645 3654; baseline 0 -1"><span class='ocrx_word' id='word_1_260' title='bbox 495 3607 545 3653; x_wconf 77' lang='lat' dir='ltr'>lom</span> <span class='ocrx_word' id='word_1_261' title='bbox 558 3609 645 3654; x_wconf 76' lang='lat' dir='ltr'>locutus</span> 
     </span>
    </p>
   </div>
   <div class='ocr_carea' id='block_1_5' title="bbox 491 3765 1747 4858">
    <p class='ocr_par' dir='ltr' id='par_1_6' title="bbox 493 3765 1747 4178">
     <span class='ocr_line' id='line_1_29' title="bbox 527 3765 1682 3841; baseline 0 -19"><span class='ocrx_word' id='word_1_262' title='bbox 527 3769 571 3838; x_wconf 89' lang='grc' dir='ltr'>(ι)</span> <span class='ocrx_word' id='word_1_263' title='bbox 590 3765 633 3824; x_wconf 83' lang='lat' dir='ltr'>Cl.</span> <span class='ocrx_word' id='word_1_264' title='bbox 651 3767 671 3822; x_wconf 94' lang='lat' dir='ltr'>il</span> <span class='ocrx_word' id='word_1_265' title='bbox 689 3767 823 3840; x_wconf 86' lang='lat' dir='ltr'>principio</span> <span class='ocrx_word' id='word_1_266' title='bbox 842 3767 886 3824; x_wconf 88' lang='lat' dir='ltr'>del</span> <span class='ocrx_word' id='word_1_267' title='bbox 904 3784 963 3841; x_wconf 87' lang='lat' dir='ltr'>cap.</span> <span class='ocrx_word' id='word_1_268' title='bbox 982 3783 1004 3824; x_wconf 92' lang='grc' dir='ltr'>ιι</span> <span class='ocrx_word' id='word_1_269' title='bbox 1021 3766 1066 3823; x_wconf 90' lang='lat' dir='ltr'>del</span> <span class='ocrx_word' id='word_1_270' title='bbox 1111 3768 1172 3824; x_wconf 91' lang='lat' dir='ltr'>loro</span> <span class='ocrx_word' id='word_1_271' title='bbox 1191 3767 1273 3840; x_wconf 80' lang='lat' dir='ltr'>pierio</span> <span class='ocrx_word' id='word_1_272' title='bbox 1298 3766 1423 3840; x_wconf 81' lang='lat' dir='ltr'>sviluppo</span> <span class='ocrx_word' id='word_1_273' title='bbox 1441 3765 1487 3822; x_wconf 85' lang='lat' dir='ltr'>nel</span> <span class='ocrx_word' id='word_1_274' title='bbox 1505 3767 1546 3824; x_wconf 82' lang='lat' dir='ltr'>De</span> <span class='ocrx_word' id='word_1_275' title='bbox 1563 3767 1682 3840; x_wconf 74' lang='lat' dir='ltr'>regimine</span> 
     </span>
     <span class='ocr_line' id='line_1_30' title="bbox 493 3851 1682 3926; baseline -0.002 -18"><span class='ocrx_word' id='word_1_276' title='bbox 493 3853 561 3908; x_wconf 90' lang='lat' dir='ltr'>libro</span> <span class='ocrx_word' id='word_1_277' title='bbox 573 3851 599 3906; x_wconf 94' lang='lat' dir='ltr'>Il</span> <span class='ocrx_word' id='word_1_278' title='bbox 614 3851 684 3906; x_wconf 82' lang='lat' dir='ltr'>della</span> <span class='ocrx_word' id='word_1_279' title='bbox 695 3851 811 3908; x_wconf 75' lang='lat' dir='ltr'>cronaca</span> <span class='ocrx_word' id='word_1_280' title='bbox 823 3853 850 3906; x_wconf 87' lang='lat' dir='ltr'>di</span> <span class='ocrx_word' id='word_1_281' title='bbox 864 3851 958 3924; x_wconf 69' lang='lat' dir='ltr'>Morare</span> <span class='ocrx_word' id='word_1_282' title='bbox 972 3853 1000 3908; x_wconf 94' lang='lat' dir='ltr'>di</span> <span class='ocrx_word' id='word_1_283' title='bbox 1015 3853 1067 3910; x_wconf 86' lang='lat' dir='ltr'>Bo-</span> <span class='ocrx_word' id='word_1_284' title='bbox 1108 3855 1253 3926; x_wconf 79' lang='lat' dir='ltr'>principum</span> <span class='ocrx_word' id='word_1_285' title='bbox 1262 3851 1289 3908; x_wconf 88' lang='lat' dir='ltr'>di</span> <span class='ocrx_word' id='word_1_286' title='bbox 1301 3851 1329 3908; x_wconf 90' lang='lat' dir='ltr'>S.</span> <span class='ocrx_word' id='word_1_287' title='bbox 1344 3851 1476 3918; x_wconf 74' lang='grc' dir='ltr'><strong>Τοιιιιεο,</strong></span> <span class='ocrx_word' id='word_1_288' title='bbox 1491 3869 1544 3908; x_wconf 87' lang='lat' dir='ltr'>con</span> <span class='ocrx_word' id='word_1_289' title='bbox 1555 3851 1682 3908; x_wconf 80' lang='lat' dir='ltr'>citationi</span> 
     </span>
     <span class='ocr_line' id='line_1_31' title="bbox 493 3935 1747 4012; baseline 0.002 -20"><span class='ocrx_word' id='word_1_290' title='bbox 493 3951 663 3992; x_wconf 77' lang='lat' dir='ltr'>nrucourno</span> <span class='ocrx_word' id='word_1_291' title='bbox 673 3935 811 4004; x_wconf 69' lang='lat' dir='ltr'>Moneri,</span> <span class='ocrx_word' id='word_1_292' title='bbox 822 3935 1067 4012; x_wconf 76' lang='lat' dir='ltr'>IX,1089:«Quo·</span> <span class='ocrx_word' id='word_1_293' title='bbox 1110 3937 1236 4003; x_wconf 82' lang='lat' dir='ltr'>biblicbe,</span> <span class='ocrx_word' id='word_1_294' title='bbox 1252 3937 1309 3994; x_wconf 86' lang='lat' dir='ltr'>edi</span> <span class='ocrx_word' id='word_1_295' title='bbox 1329 3937 1357 3994; x_wconf 88' lang='lat' dir='ltr'>S.</span> <span class='ocrx_word' id='word_1_296' title='bbox 1372 3938 1517 4009; x_wconf 79' lang='lat' dir='ltr'>Agostino.</span> <span class='ocrx_word' id='word_1_297' title='bbox 1555 3935 1598 3994; x_wconf 80' lang='lat' dir='ltr'>Cf.</span> <span class='ocrx_word' id='word_1_298' title='bbox 1612 3939 1683 4010; x_wconf 84' lang='lat' dir='ltr'>prin·</span> <span class='ocrx_word' id='word_1_299' title='bbox 1742 3997 1747 4006; x_wconf 69' lang='grc'><strong>,</strong></span> 
     </span>
     <span class='ocr_line' id='line_1_32' title="bbox 493 4019 1681 4096; baseline 0.005 -24"><span class='ocrx_word' id='word_1_300' title='bbox 493 4039 508 4070; x_wconf 77' lang='lat' dir='ltr'>r</span> <span class='ocrx_word' id='word_1_301' title='bbox 519 4036 580 4075; x_wconf 83' lang='lat' dir='ltr'>rom</span> <span class='ocrx_word' id='word_1_302' title='bbox 587 4019 707 4075; x_wconf 84' lang='lat' dir='ltr'>bumana</span> <span class='ocrx_word' id='word_1_303' title='bbox 713 4021 853 4092; x_wconf 82' lang='lat' dir='ltr'>generatio</span> <span class='ocrx_word' id='word_1_304' title='bbox 859 4021 981 4078; x_wconf 85' lang='lat' dir='ltr'>subiacet</span> <span class='ocrx_word' id='word_1_305' title='bbox 988 4021 1066 4078; x_wconf 77' lang='lat' dir='ltr'>vitio-</span> <span class='ocrx_word' id='word_1_306' title='bbox 1110 4021 1273 4096; x_wconf 85' lang='lat' dir='ltr'>cipalmente</span> <span class='ocrx_word' id='word_1_307' title='bbox 1286 4021 1305 4078; x_wconf 86' lang='lat' dir='ltr'>ll</span> <span class='ocrx_word' id='word_1_308' title='bbox 1317 4038 1376 4094; x_wconf 84' lang='lat' dir='ltr'>cap.</span> <span class='ocrx_word' id='word_1_309' title='bbox 1386 4036 1456 4078; x_wconf 78' lang='lat' dir='ltr'>xxrv</span> <span class='ocrx_word' id='word_1_310' title='bbox 1466 4021 1511 4077; x_wconf 90' lang='lat' dir='ltr'>del</span> <span class='ocrx_word' id='word_1_311' title='bbox 1522 4021 1591 4078; x_wconf 84' lang='lat' dir='ltr'>libro</span> <span class='ocrx_word' id='word_1_312' title='bbox 1602 4020 1630 4077; x_wconf 84' lang='lat' dir='ltr'>V</span> <span class='ocrx_word' id='word_1_313' title='bbox 1641 4023 1681 4078; x_wconf 78' lang='lat' dir='ltr'>Dr</span> 
     </span>
     <span class='ocr_line' id='line_1_33' title="bbox 495 4105 1681 4178; baseline 0.003 -22"><span class='ocrx_word' id='word_1_314' title='bbox 495 4105 797 4178; x_wconf 72' lang='lat' dir='ltr'>«rumcogltationibus</span> <span class='ocrx_word' id='word_1_315' title='bbox 806 4106 891 4160; x_wconf 72' lang='lat' dir='ltr'>dre».</span> <span class='ocrx_word' id='word_1_316' title='bbox 1108 4109 1210 4163; x_wconf 78' lang='lat' dir='ltr'>civitate</span> <span class='ocrx_word' id='word_1_317' title='bbox 1236 4107 1287 4162; x_wconf 81' lang='lat' dir='ltr'>Dei</span> <span class='ocrx_word' id='word_1_318' title='bbox 1308 4105 1351 4176; x_wconf 88' lang='lat' dir='ltr'>(S.</span> <span class='ocrx_word' id='word_1_319' title='bbox 1374 4107 1496 4161; x_wconf 81' lang='grc' dir='ltr'><strong>Αυιιιιιιι</strong></span> <span class='ocrx_word' id='word_1_320' title='bbox 1520 4107 1681 4161; x_wconf 82' lang='lat' dir='ltr'>Aucusrnn</span> 
     </span>
    </p>

    <p class='ocr_par' dir='ltr' id='par_1_7' title="bbox 491 4187 1682 4858">
     <span class='ocr_line' id='line_1_34' title="bbox 527 4187 1682 4265; baseline 0 -21"><span class='ocrx_word' id='word_1_321' title='bbox 527 4190 570 4261; x_wconf 80' lang='lat' dir='ltr'>(a)</span> <span class='ocrx_word' id='word_1_322' title='bbox 581 4209 596 4240; x_wconf 76' lang='lat' dir='ltr'>e</span> <span class='ocrx_word' id='word_1_323' title='bbox 607 4187 869 4256; x_wconf 82' lang='lat' dir='ltr'>lliduolumirtaria,</span> <span class='ocrx_word' id='word_1_324' title='bbox 878 4189 981 4245; x_wconf 80' lang='lat' dir='ltr'>scillcet</span> <span class='ocrx_word' id='word_1_325' title='bbox 990 4190 1065 4265; x_wconf 83' lang='lat' dir='ltr'>Papa</span> <span class='ocrx_word' id='word_1_326' title='bbox 1110 4192 1194 4265; x_wconf 82' lang='lat' dir='ltr'>Opera</span> <span class='ocrx_word' id='word_1_327' title='bbox 1208 4193 1302 4258; x_wconf 75' lang='lat' dir='ltr'>omnia,</span> <span class='ocrx_word' id='word_1_328' title='bbox 1320 4188 1453 4257; x_wconf 84' lang='lat' dir='ltr'>Veneriis,</span> <span class='ocrx_word' id='word_1_329' title='bbox 1470 4189 1542 4263; x_wconf 85' lang='lat' dir='ltr'>typis</span> <span class='ocrx_word' id='word_1_330' title='bbox 1560 4189 1582 4244; x_wconf 93' lang='lat' dir='ltr'>l.</span> <span class='ocrx_word' id='word_1_331' title='bbox 1597 4189 1682 4246; x_wconf 78' lang='lat' dir='ltr'>Anto·</span> 
     </span>
     <span class='ocr_line' id='line_1_35' title="bbox 493 4273 1681 4348; baseline 0.001 -21"><span class='ocrx_word' id='word_1_332' title='bbox 493 4287 546 4330; x_wconf 79' lang='lat' dir='ltr'>eet</span> <span class='ocrx_word' id='word_1_333' title='bbox 560 4275 720 4348; x_wconf 80' lang='lat' dir='ltr'>Imperator,</span> <span class='ocrx_word' id='word_1_334' title='bbox 736 4275 762 4329; x_wconf 84' lang='lat' dir='ltr'>ln</span> <span class='ocrx_word' id='word_1_335' title='bbox 778 4273 881 4328; x_wconf 89' lang='lat' dir='ltr'>Mundo</span> <span class='ocrx_word' id='word_1_336' title='bbox 891 4287 953 4330; x_wconf 87' lang='lat' dir='ltr'>sunt</span> <span class='ocrx_word' id='word_1_337' title='bbox 968 4290 984 4329; x_wconf 85' lang='lat' dir='ltr'>a</span> <span class='ocrx_word' id='word_1_338' title='bbox 1002 4276 1063 4331; x_wconf 86' lang='lat' dir='ltr'>Deo</span> <span class='ocrx_word' id='word_1_339' title='bbox 1109 4275 1182 4342; x_wconf 84' lang='lat' dir='ltr'>nelli,</span> <span class='ocrx_word' id='word_1_340' title='bbox 1195 4273 1402 4342; x_wconf 83' lang='lat' dir='ltr'>MDCCCLIIl,</span> <span class='ocrx_word' id='word_1_341' title='bbox 1414 4273 1469 4330; x_wconf 84' lang='lat' dir='ltr'>vol.</span> <span class='ocrx_word' id='word_1_342' title='bbox 1482 4275 1556 4340; x_wconf 79' lang='lat' dir='ltr'>Vnt,</span> <span class='ocrx_word' id='word_1_343' title='bbox 1569 4293 1595 4348; x_wconf 93' lang='lat' dir='ltr'>p.</span> <span class='ocrx_word' id='word_1_344' title='bbox 1610 4273 1681 4346; x_wconf 84' lang='lat'>155)-</span> 
     </span>
     <span class='ocr_line' id='line_1_36' title="bbox 492 4359 1681 4433; baseline 0.003 -23"><span class='ocrx_word' id='word_1_345' title='bbox 492 4375 647 4415; x_wconf 79' lang='lat' dir='ltr'>«concessa</span> <span class='ocrx_word' id='word_1_346' title='bbox 666 4376 713 4433; x_wconf 83' lang='lat' dir='ltr'>per</span> <span class='ocrx_word' id='word_1_347' title='bbox 731 4371 838 4414; x_wconf 85' lang='lat' dir='ltr'>sanctas</span> <span class='ocrx_word' id='word_1_348' title='bbox 860 4359 894 4414; x_wconf 87' lang='lat' dir='ltr'>de</span> <span class='ocrx_word' id='word_1_349' title='bbox 917 4361 957 4414; x_wconf 81' lang='lat' dir='ltr'>eis</span> <span class='ocrx_word' id='word_1_350' title='bbox 980 4359 1065 4416; x_wconf 81' lang='lat' dir='ltr'>iactas</span> <span class='ocrx_word' id='word_1_351' title='bbox 1145 4360 1188 4432; x_wconf 82' lang='lat'>(3)</span> <span class='ocrx_word' id='word_1_352' title='bbox 1207 4360 1282 4415; x_wconf 81' lang='lat' dir='ltr'>«Est</span> <span class='ocrx_word' id='word_1_353' title='bbox 1300 4359 1373 4414; x_wconf 86' lang='lat' dir='ltr'>enim</span> <span class='ocrx_word' id='word_1_354' title='bbox 1389 4359 1483 4432; x_wconf 81' lang='lat' dir='ltr'>apibus</span> <span class='ocrx_word' id='word_1_355' title='bbox 1502 4375 1636 4414; x_wconf 75' lang='lat' dir='ltr'>onustes</span> <span class='ocrx_word' id='word_1_356' title='bbox 1654 4369 1681 4414; x_wconf 85' lang='lat' dir='ltr'>et</span> 
     </span>
     <span class='ocr_line' id='line_1_37' title="bbox 493 4440 1681 4518; baseline -0.003 -19"><span class='ocrx_word' id='word_1_357' title='bbox 493 4443 1066 4518; x_wconf 74' lang='lat' dir='ltr'>relectionesauspicatioribusetdigniorl·</span> <span class='ocrx_word' id='word_1_358' title='bbox 1111 4463 1126 4494; x_wconf 75' lang='grc' dir='ltr'><strong>α</strong></span> <span class='ocrx_word' id='word_1_359' title='bbox 1137 4447 1164 4500; x_wconf 88' lang='lat' dir='ltr'>io</span> <span class='ocrx_word' id='word_1_360' title='bbox 1182 4455 1242 4500; x_wconf 91' lang='lat' dir='ltr'>toto</span> <span class='ocrx_word' id='word_1_361' title='bbox 1260 4443 1387 4498; x_wconf 76' lang='lat' dir='ltr'>univemo</span> <span class='ocrx_word' id='word_1_362' title='bbox 1412 4459 1482 4498; x_wconf 87' lang='lat' dir='ltr'>unus</span> <span class='ocrx_word' id='word_1_363' title='bbox 1500 4442 1575 4498; x_wconf 87' lang='lat' dir='ltr'>Deus</span> <span class='ocrx_word' id='word_1_364' title='bbox 1594 4440 1681 4497; x_wconf 84' lang='lat' dir='ltr'>laetor</span> 
     </span>
     <span class='ocr_line' id='line_1_38' title="bbox 493 4525 1682 4603; baseline -0.005 -17"><span class='ocrx_word' id='word_1_365' title='bbox 493 4529 567 4586; x_wconf 81' lang='lat' dir='ltr'>«bus</span> <span class='ocrx_word' id='word_1_366' title='bbox 581 4529 684 4596; x_wconf 87' lang='lat' dir='ltr'>Mundi,</span> <span class='ocrx_word' id='word_1_367' title='bbox 699 4543 780 4603; x_wconf 89' lang='lat' dir='ltr'>prout</span> <span class='ocrx_word' id='word_1_368' title='bbox 794 4529 873 4585; x_wconf 83' lang='lat' dir='ltr'>nobis</span> <span class='ocrx_word' id='word_1_369' title='bbox 890 4527 1063 4586; x_wconf 77' lang='lat' dir='ltr'>manifestum</span> <span class='ocrx_word' id='word_1_370' title='bbox 1110 4529 1260 4584; x_wconf 78' lang='lat' dir='ltr'>«omniurn</span> <span class='ocrx_word' id='word_1_371' title='bbox 1278 4539 1305 4583; x_wconf 86' lang='lat' dir='ltr'>et</span> <span class='ocrx_word' id='word_1_372' title='bbox 1323 4539 1412 4584; x_wconf 87' lang='lat' dir='ltr'>rector</span> <span class='ocrx_word' id='word_1_373' title='bbox 1430 4530 1505 4584; x_wconf 72' lang='lat' dir='ltr'>&amp;ca</span> <span class='ocrx_word' id='word_1_374' title='bbox 1549 4526 1584 4582; x_wconf 90' lang='lat' dir='ltr'>D.</span> <span class='ocrx_word' id='word_1_375' title='bbox 1604 4525 1682 4582; x_wconf 87' lang='lat' dir='ltr'>Tno·</span> 
     </span>
     <span class='ocr_line' id='line_1_39' title="bbox 493 4609 1682 4686; baseline 0.002 -23"><span class='ocrx_word' id='word_1_376' title='bbox 493 4625 559 4668; x_wconf 70' lang='grc' dir='ltr'>«εει</span> <span class='ocrx_word' id='word_1_377' title='bbox 581 4615 630 4668; x_wconf 82' lang='lat' dir='ltr'>&amp;c</span> <span class='ocrx_word' id='word_1_378' title='bbox 649 4634 675 4670; x_wconf 77' lang='lat' dir='ltr'>s.</span> <span class='ocrx_word' id='word_1_379' title='bbox 724 4613 810 4680; x_wconf 83' lang='lat' dir='ltr'>Idem,</span> <span class='ocrx_word' id='word_1_380' title='bbox 836 4627 910 4686; x_wconf 83' lang='lat'><strong>¹⁰9¹·</strong></span> <span class='ocrx_word' id='word_1_381' title='bbox 961 4611 1065 4668; x_wconf 81' lang='lat' dir='ltr'>llMo</span> <span class='ocrx_word' id='word_1_382' title='bbox 1109 4629 1164 4670; x_wconf 75' lang='lat' dir='ltr'>uss</span> <span class='ocrx_word' id='word_1_383' title='bbox 1178 4612 1319 4679; x_wconf 77' lang='lat' dir='ltr'>Aoumas,</span> <span class='ocrx_word' id='word_1_384' title='bbox 1331 4613 1371 4668; x_wconf 80' lang='lat' dir='ltr'>Da</span> <span class='ocrx_word' id='word_1_385' title='bbox 1386 4613 1597 4686; x_wconf 65' lang='lat' dir='ltr'>reppn‘acr&#39;pm,</span> <span class='ocrx_word' id='word_1_386' title='bbox 1612 4609 1682 4684; x_wconf 79' lang='lat' dir='ltr'>Log-</span> 
     </span>
     <span class='ocr_line' id='line_1_40' title="bbox 492 4695 1653 4771; baseline -0.001 -18"><span class='ocrx_word' id='word_1_387' title='bbox 492 4711 569 4753; x_wconf 78' lang='grc' dir='ltr'><strong>ιιιιιιιι</strong></span> <span class='ocrx_word' id='word_1_388' title='bbox 587 4697 688 4769; x_wconf 84' lang='lat' dir='ltr'>amplia</span> <span class='ocrx_word' id='word_1_389' title='bbox 708 4713 724 4752; x_wconf 88' lang='lat' dir='ltr'>e</span> <span class='ocrx_word' id='word_1_390' title='bbox 748 4696 866 4770; x_wconf 71' lang='lat' dir='ltr'>suffragat</span> <span class='ocrx_word' id='word_1_391' title='bbox 890 4709 984 4771; x_wconf 86' lang='lat' dir='ltr'>queste</span> <span class='ocrx_word' id='word_1_392' title='bbox 1008 4697 1065 4753; x_wconf 85' lang='lat' dir='ltr'>dot·</span> <span class='ocrx_word' id='word_1_393' title='bbox 1110 4699 1175 4754; x_wconf 87' lang='lat' dir='ltr'>duni</span> <span class='ocrx_word' id='word_1_394' title='bbox 1190 4697 1291 4764; x_wconf 76' lang='grc' dir='ltr'><strong>Βιιιι..</strong></span> <span class='ocrx_word' id='word_1_395' title='bbox 1308 4695 1382 4766; x_wconf 81' lang='lat'>1643,</span> <span class='ocrx_word' id='word_1_396' title='bbox 1395 4696 1464 4752; x_wconf 91' lang='lat' dir='ltr'>libro</span> <span class='ocrx_word' id='word_1_397' title='bbox 1479 4697 1500 4764; x_wconf 85' lang='lat'>1,</span> <span class='ocrx_word' id='word_1_398' title='bbox 1514 4715 1541 4769; x_wconf 94' lang='lat' dir='ltr'>p.</span> <span class='ocrx_word' id='word_1_399' title='bbox 1559 4711 1598 4754; x_wconf 83' lang='lat' dir='ltr'>ra.</span> <span class='ocrx_word' id='word_1_400' title='bbox 1645 4745 1653 4764; x_wconf 78' lang='grc'><strong>,</strong></span> 
     </span>
     <span class='ocr_line' id='line_1_41' title="bbox 491 4781 1065 4858; baseline -0.002 -20"><span class='ocrx_word' id='word_1_401' title='bbox 491 4785 560 4838; x_wconf 83' lang='lat' dir='ltr'>trine</span> <span class='ocrx_word' id='word_1_402' title='bbox 583 4783 721 4858; x_wconf 86' lang='lat' dir='ltr'>politiche,</span> <span class='ocrx_word' id='word_1_403' title='bbox 740 4783 791 4840; x_wconf 89' lang='lat' dir='ltr'>che</span> <span class='ocrx_word' id='word_1_404' title='bbox 817 4799 921 4839; x_wconf 79' lang='lat' dir='ltr'>sueano</span> <span class='ocrx_word' id='word_1_405' title='bbox 940 4797 1022 4838; x_wconf 81' lang='lat' dir='ltr'>avuto</span> <span class='ocrx_word' id='word_1_406' title='bbox 1046 4781 1065 4838; x_wconf 90' lang='lat' dir='ltr'>il</span> 
     </span>
    </p>
   </div>
   <div class='ocr_carea' id='block_1_6' title="bbox 0 0 1942 5886">
    <p class='ocr_par' dir='ltr' id='par_1_8' title="bbox 0 0 1942 5886">
     <span class='ocr_line' id='line_1_42' title="bbox 0 0 1942 5886; baseline 0 1"><span class='ocrx_word' id='word_1_407' title='bbox 0 0 1942 5886; x_wconf 95' lang='lat' dir='ltr'> </span> 
     </span>
    </p>
   </div>
  </div>
 </body>
</html>
