3860 5884
498 535 542 619 76
694 581 698 592 .
968 538 1215 596 rr1s‘rott1a

502 765 715 835 Theutonum
734 763 895 833 custodiae
920 762 1045 844 dantur,
1065 760 1168 829 donec
1186 783 1243 849 per
1260 758 1433 849 municipia
1450 760 1553 827 saevis
1583 781 1687 828 carce·
1719 781 1755 848 15

501 881 586 950 ribus
606 879 762 950 distributi
779 878 997 948 miserabiliter
1015 876 1213 946 destinentur
1230 876 1265 932 (¹)
1283 874 1327 942 (¹).
1374 873 1538 964 inquibus
1557 872 1687 967 [nobilis

497 995 609 1087 atque]
628 996 783 1064 innocens
798 994 996 1084 Supramons
1014 990 1258 1083 completisque
1273 990 1367 1059 huius
1382 989 1528 1060 miseriae
1543 989 1639 1058 sociis
1652 988 1688 1044 (l)

501 1109 668 1201 indignam
682 1109 747 1178 suis
769 1107 913 1178 moribus
930 1107 1032 1177 finem
1049 1107 1124 1178 iecit
1141 1105 1187 1174 (²).

566 1224 724 1294 XXXIV.
770 1223 881 1314 Itaque
904 1222 944 1292 td
963 1222 1076 1292 urbem
1097 1221 1241 1290 turbidus
1259 1219 1402 1310 procedit
1423 1243 1479 1288 rex
1497 1219 1543 1303 (¹),
1566 1237 1660 1309 atque
1678 1217 1688 1311 Ι

499 1337 633 1408 obvium
655 1337 796 1427 pallium,
820 1336 917 1428 quod,
941 1337 1073 1405 honoris
1097 1357 1201 1417 eausa,
1225 1356 1320 1423 supra
1341 1334 1492 1402 verticem
1515 1334 1582 1401 eius
1601 1333 1687 1402 cives

500 1475 575 1520 cum
598 1453 739 1520 maxima
761 1451 938 1520 reverentia
959 1448 1041 1520 ferre
1063 1449 1187 1532 volunt,
1207 1449 1326 1539 respuit
1343 1448 1397 1531 (⁴);
1420 1469 1457 1516 ac
1476 1447 1605 1516 caeteris
1629 1447 1688 1514 bo·

499 1567 629 1637 nuribus
659 1567 730 1660 [per
760 1568 998 1639 Cremonenses
1026 1567 1220 1635 reverentiae
1258 1587 1351 1634 causa
1384 1559 1535 1654 omnino]
1566 1561 1688 1651 spretis,

498 1685 595 1752 iratus
629 1685 724 1754 etiam
756 1682 926 1751 moenibus
954 1681 1060 1765 urbis,
1090 1681 1288 1752 Cremonam
1317 1681 1428 1762 intrat,
1463 1700 1537 1746 cum
1568 1700 1688 1768 magno
1718 1693 1735 1758 5

499 1799 638 1866 exercitu
662 1796 965 1880 Mediolanensium,
985 1819 1046 1865 nec
1069 1819 1136 1864 non
1159 1796 1267 1886 paucis
1291 1793 1446 1876 exulibus,
1465 1796 1569 1861 immo
1585 1793 1689 1862 verius

498 1914 532 1980 in
551 1911 648 1980 exibo
672 1911 764 1992 natis,
788 1932 927 2000 quorum
962 1907 1096 1978 lacobus
1119 1908 1158 1978 de
1181 1908 1369 1980 Radenasco
1400 1907 1436 1964 (⁵)
1449 1907 1496 1992 (θ),
1529 1909 1562 1976 in
1593 1907 1689 1975 exilio

500 2022 697 2113 negotiando
709 2019 809 2090 lactus
829 2021 929 2105 dives,
948 2023 1093 2112 princeps
1116 2019 1250 2090 efficitur
1267 2039 1299 2090 et
1317 2019 1495 2090 Gibellinae
1517 2021 1613 2109 partis
1637 2041 1687 2086 ca·

413 2186 416 2196 ,
500 2156 568 2226 put,
587 2161 655 2206 non
671 2136 836 2204 nobilitate
855 2154 975 2220 tamen,
997 2136 1055 2205 sed
1074 2133 1198 2204 delectu
1216 2135 1387 2206 hominnm
1406 2155 1483 2204 suae
1497 2133 1646 2204 factionis
1656 2131 1691 2188 (ἃ)

501 2253 622 2342 antiqui
652 2253 736 2320 exilii
762 2270 918 2322 vetustate
942 2273 1150 2342 consumptae
1176 2252 1221 2320 (θ).
1272 2250 1419 2321 nondum
1447 2250 1641 2320 advenerant
1656 2249 1692 2306 (f)
1723 2267 1763 2315 ιο

557 2433 585 2488 (ι)
601 2432 644 2477 Bb
658 2431 870 2478 meviectroeribne
879 2431 1018 2479 detdneotnr
1066 2433 1099 2490 (b)
1113 2431 1155 2478 Aa
1169 2431 1298 2480 huiusmodi
1311 2433 1420 2480 comitum
1476 2433 1507 2490 (c)
1522 2433 1551 2478 de
1562 2431 1693 2478 Rodanum

503 2511 593 2559 boemi
603 2511 677 2557 ambe
690 2511 715 2556 ite
729 2513 786 2558 Bb:
804 2524 888 2560 maaca
897 2513 937 2558 nel
950 2515 1008 2558 tesbi
1018 2511 1087 2566 Mer„
1098 2526 1136 2559 mo
1150 2512 1291 2560 remeari
1302 2517 1340 2559 tro
1355 2513 1377 2558 le
1390 2511 1540 2560 variantes
1553 2512 1693 2558 lectiones

504 2591 537 2648 (d)
551 2590 593 2638 Bt
606 2603 664 2649 quae
673 2589 760 2648 antiqui
827 2589 858 2648 (e)
873 2591 917 2636 Bb
929 2600 1063 2648 cousumpta
1076 2599 1131 2638 eret.
1159 2591 1196 2637 bic
1211 2591 1233 2636 io
1244 2589 1313 2638 exilio
1322 2603 1389 2650 qnam
1398 2591 1422 2636 ln
1434 2589 1507 2650 penit
1521 2591 1577 2636 urbe
1585 2588 1694 2636 reductae

504 2667 589 2714 medor
603 2680 630 2713 ac
644 2667 715 2713 tutior
729 2665 781 2712 tuit.
808 2673 861 2712 tunc
874 2679 916 2724 pro
929 2667 983 2714 tolie
992 2667 1141 2715 mercimoniis
1151 2669 1257 2716 itinerum
1266 2669 1314 2716 tole
1323 2669 1424 2728 pericula
1434 2669 1555 2724 metuebat,
1565 2677 1626 2714 nnnc
1638 2667 1694 2712 urbe

504 2747 621 2794 reditionis
633 2749 698 2806 plene
711 2747 765 2793 dnm
775 2746 858 2794 burne
875 2760 982 2795 renovare
996 2747 1074 2796 nidtur
1087 2750 1183 2796 oblitum
1197 2751 1279 2798 veteris
1292 2749 1397 2798 frodonis
1410 2761 1501 2806 nomo,
1515 2749 1538 2796 in
1552 2747 1601 2796 dieu
1614 2747 1694 2796 aucit

504 2828 608 2876 diflidens
621 2827 750 2874 sollicitudo
763 2829 830 2876 vitae.
858 2830 959 2876 nondum
1014 2831 1043 2888 ts)
1059 2834 1105 2878 nb
1118 2833 1295 2880 edvenmerene

540 2969 751 3044 (1)e1prigioni
761 2969 1078 3042 mundbo’inperatore)
1125 2971 1282 3045 «perdono,
1305 2972 1345 3028 lul
1367 2988 1475 3046 sempre
1495 2972 1675 3028 catalecta».

507 3069 546 3108 ea
564 3051 722 3126 Rim‘mingo
737 3075 762 3110 ι.
807 3054 888 3110 Doto
912 3054 1078 3120 Conantur,
1157 3057 1201 3128 (4)
1221 3056 1300 3113 Oltre
1312 3057 1331 3112 it
1345 3057 1493 3122 Mossaro,
1505 3056 1523 3112 t
1534 3073 1567 3124 c,
1582 3055 1617 3112 ci.
1628 3056 1696 3112 Fm·

505 3137 562 3194 bc.
598 3137 619 3192 1.
634 3137 689 3194 Del
706 3137 814 3212 Longo,
829 3137 1079 3196 commentandoil
1124 3155 1208 3207 aero,
1219 3141 1267 3208 IV,
1285 3139 1365 3198 1068:
1381 3139 1455 3196 «ille
1467 3153 1559 3196 autern
1569 3139 1694 3212 concepti

505 3239 596 3294 passo,
610 3221 640 3278 lo
654 3222 783 3278 raffronta
793 3238 846 3277 con
859 3235 955 3295 questo
966 3222 1010 3278 del
1021 3221 1080 3278 C.e
1124 3225 1270 3280 «rancoris
1279 3223 1333 3280 btte
1344 3224 1468 3280 noudum
1480 3223 1594 3297 digesta,
1606 3224 1695 3280 subito

506 3319 559 3360 con
573 3303 642 3360 alno
657 3305 701 3360 del
712 3304 861 3372 Murano,
876 3305 924 3370 tv,
935 3305 1008 3360 rubr.
1019 3319 1079 3369 vm.
1124 3306 1220 3376 «illos,
1237 3323 1307 3382 quos
1326 3323 1383 3362 non
1400 3307 1543 3380 ignorabat
1562 3305 1695 3363 nefandae

506 3386 688 3460 ilqualepure
696 3403 814 3443 aceenna
825 3388 851 3442 ai
860 3387 1018 3460 prtgtmieri
1026 3403 1081 3442 cre-
1127 3391 1308 3448 erebellionis
1340 3405 1474 3466 expertos,
1501 3391 1697 3466 comprehendi

508 3471 624 3537 monesi,
641 3472 712 3544 equi
725 3471 754 3528 ln
766 3472 921 3545 municipio
932 3471 1082 3546 Riminingi
1127 3475 1238 3542 «iuuit,
1260 3477 1430 3550 vinctosque,
1452 3487 1480 3532 et
1497 3474 1631 3532 vehiculis
1644 3487 1697 3530 tnr-

510 3556 614 3628 e(oggi
627 3554 819 3629 Romanengo,
833 3556 1002 3628 borgatanel
1018 3557 1084 3613 Cre·
1127 3559 1222 3632 epiter
1252 3561 1446 3633 superpositos,
1469 3575 1517 3632 per
1548 3558 1697 3631 municipia

511 3641 750 3698 «moneeed'oltre
760 3640 829 3698 16oe
838 3642 942 3711 anime)
954 3655 982 3698 et
992 3641 1082 3698 Castri
1128 3642 1282 3710 «distribui,
1297 3659 1329 3697 ac
1343 3642 1450 3700 solicite
1463 3642 1605 3712 custodiri3
1623 3655 1698 3715 tegn-

509 3723 1002 3797 eLeonis(Castelleone)etcaeteris
1010 3739 1083 3782 teue-
1126 3738 1276 3784 «mentum
1293 3726 1393 3794 nobile,
1411 3727 1485 3800 quod
1508 3741 1575 3782 anto
1601 3726 1699 3800 pretio·

510 3807 666 3863 tumtur».
1127 3811 1241 3885 «sisque
1255 3812 1336 3868 rebus
1348 3809 1462 3866 mirifice
1473 3822 1639 3880 contentum,
1651 3809 1697 3864 ha·

544 3891 588 3962 (2)
607 3891 654 3946 «ΙΙ
678 3891 758 3963 quale
786 3891 1000 3966 (l'impetatore)
1021 3893 1081 3950 ieee
1127 3895 1256 3952 astilibus
1279 3907 1395 3968 quatuor
1415 3893 1624 3968 superpositum,
1647 3893 1697 3948 snb

511 3972 666 4046 «prendere
684 3975 746 4030 tutti
768 3975 901 4048 ipotenti
925 3977 977 4033 che
999 3979 1025 4032 vi
1050 3979 1082 4033 ri·
1127 3995 1207 4052 equo
1225 3995 1319 4052 regem
1339 3979 1368 4034 in
1386 3977 1501 4053 patriam
1524 3976 1697 4042 deducerent,

512 4077 527 4108 ι
537 4071 662 4124 marono,
680 4073 696 4114 e
719 4074 757 4114 nu
775 4057 940 4117 Soramonte
961 4062 1013 4116 ebe
1033 4079 1081 4136 per
1126 4061 1237 4134 «rigide
1249 4078 1404 4136 aspernans,
1416 4077 1450 4118 no
1464 4059 1563 4134 operiri
1576 4057 1698 4131 indigna·

512 4155 636 4214 «troppo
659 4157 782 4198 aennon
801 4159 849 4216 per
865 4156 962 4218 troppo
982 4145 1081 4202 sicema
1126 4157 1194 4202 etus
1214 4157 1263 4202 ert
1300 4145 1364 4202 inde
1387 4145 1421 4200 ad
1442 4142 1539 4200 orbem
1558 4153 1697 4198 maturam

512 4224 722 4298 «noniuggbe
743 4225 858 4300 prender
874 4227 933 4284 fece
957 4229 1020 4285 tutti
1038 4245 1083 4284 co·
1127 4227 1320 4284 «nuculemm
1334 4243 1381 4284 rex
1395 4227 1522 4283 omnibus
1537 4225 1638 4282 eximio
1653 4241 1698 4298 pa·

513 4309 598 4365 «loro
626 4309 676 4368 che
703 4309 743 4382 gli
774 4309 898 4367 andorno
928 4329 944 4368 a
973 4311 1083 4368 chieder
1127 4313 1213 4368 evoti
1226 4310 1314 4368 suit».

513 4397 663 4450 «ment».
701 4395 997 4462 briocensem
1017 4413 1041 4452 e.
1162 4397 1206 4468 (5)
1221 4395 1473 4468 thoalampo
1486 4394 1697 4460 diRadenasco‚

547 4479 590 4550 (3)
608 4478 663 4534 Nel
681 4477 776 4536 Cbrore
795 4477 936 4536 liodoaldi
946 4479 976 4536 B.
995 4480 1083 4538 troar-
1127 4481 1200 4536 ilcui
1213 4496 1298 4536 nome
1311 4497 1368 4536 non
1381 4479 1594 4554 comparircene
1606 4491 1647 4534 tra
1659 4476 1698 4550 gli

512 4577 569 4626 ote,
583 4561 619 4628 11,
634 4577 701 4620 vot:
726 4579 847 4620 eeorurn
865 4563 947 4619 verba
961 4581 1018 4622 non
1036 4581 1082 4620 eu·
1127 4565 1176 4622 atti
1190 4563 1235 4620 del
1248 4565 1399 4638 Dbnniges,
1413 4567 1449 4621 nd
1463 4577 1504 4620 tra
1516 4566 1526 4620 i
1539 4561 1697 4620 documenti

514 4645 837 4703 edit....reritatnsad
855 4649 951 4706 urbem
962 4649 1081 4706 tendite.
1127 4649 1298 4717 Bonaininni,
1326 4649 1360 4705 ci.
1389 4649 1421 4704 Β.
1446 4649 1584 4716 Moneta,
1603 4647 1697 4704 arou

514 4729 592 4784 Doto
608 4729 857 4796 Consumis:
874 4733 927 4786 ea'
942 4733 1017 4805 quali
1026 4749 1083 4790 non
1129 4732 1235 4790 Moddet
1252 4733 1287 4800 Π,
1306 4749 1359 4790 vm
1377 4751 1393 4790 e
1411 4733 1448 4794 G.
1474 4733 1607 4798 Fiam,
1625 4731 1697 4787 Mart.

515 4811 616 4884 «pario
623 4851 689 4867 .....
697 4813 1084 4890 eglinoseutprecbieggendo
1122 4819 1228 4892 stam,
1246 4833 1327 4888 cece,
1341 4833 1402 4892 :¹²²-
