3860 5884
443 521 486 588 34
911 511 1157 570 n1srontn

441 734 545 804 fidelis
556 734 715 804 francisci
736 733 779 802 de
798 732 1001 824 Gurlstgnats
1016 733 1191 824 boninum
1206 751 1328 824 petens
1374 735 1437 816 osi,
1451 755 1528 804 cum
1544 755 1631 826 aquo
1660 756 1724 824 130

443 850 658 934 descenderet,
679 870 850 940 antequam
868 851 909 920 sit
926 850 1009 920 inter
1025 849 1196 920 familiares
1212 868 1358 920 amantes
1375 851 1421 932 (¹),
1439 849 1535 921 ullius
1552 873 1631 922 oon·

442 965 572 1036 ditionis
590 985 703 1035 munta
725 966 808 1035 inter
830 988 865 1034 se
884 965 1101 1036 vicissitudine
1122 967 1287 1056 rogitsrett
1313 965 1434 1048 «vade,
1457 967 1572 1058 inquit,
1591 967 1632 1036 ad

443 1104 566 1172 regem,
588 1103 665 1150 nam
687 1080 811 1150 aditum
844 1080 901 1150 tibi
921 1081 964 1150 ad
987 1099 1103 1151 nutum
1123 1103 1195 1150 esse
1217 1081 1343 1152 lerunt:
1369 1081 1423 1150 cui
1445 1103 1499 1150 me
1525 1081 1632 1152 denuo

445 1215 616 1265 senticum
630 1195 759 1276 nuncia,
775 1217 817 1263 ne
830 1194 934 1264 tardes
957 1195 1039 1264 vada
1048 1219 1079 1261 n.
1125 1217 1163 1262 ac
1176 1217 1252 1262 cum
1266 1216 1366 1284 prope
1375 1193 1587 1264 conticinium
1598 1193 1633 1252 (s)

444 1329 538 1393 esset,
555 1309 740 1378 Franciscus
763 1309 936 1398 quaerendi
954 1308 995 1378 ad
1006 1307 1254 1400 regemladitus
1269 1309 1403 1378 minime
1421 1327 1550 1398 tempus
1563 1305 1633 1378 fore
1664 1331 1701 1398 13
1707 1331 1725 1398 5

445 1425 533 1494 dixit.
567 1427 708 1494 Mattcns
722 1441 831 1492 tamen
853 1423 961 1505 instat,
977 1421 1080 1492 donec
1100 1422 1154 1492 ille
1170 1421 1296 1493 rediens
1314 1443 1506 1512 responsum
1523 1419 1633 1490 refert:

451 1541 621 1630 «quiescat,
641 1557 673 1608 et
690 1561 787 1608 mane
803 1538 949 1622 veniat»,
968 1538 1071 1628 inquit
1079 1560 1147 1606 rex.
1187 1555 1221 1606 at
1237 1537 1291 1606 ille
1314 1535 1424 1606 evade
1437 1537 1567 1618 iterum,
1585 1537 1634 1604 in·

444 1653 525 1744 quit,
545 1653 702 1742 quonism
722 1673 792 1720 uon
813 1649 915 1735 cibus,
937 1671 1007 1720 non
1028 1669 1134 1741 potus,
1157 1669 1213 1720 aut
1235 1651 1299 1720 ulls
1320 1651 1445 1742 requies
1474 1651 1534 1720 erit
1555 1649 1635 1718 milri

445 1771 550 1839 donec
564 1768 892 1850 viterclanenses,
911 1789 1009 1858 quem
1024 1769 1186 1838 Dominus
1201 1768 1325 1838 mundo
1342 1769 1482 1839 destinat
1492 1796 1524 1838 u.
1554 1769 1634 1838 haec

446 1908 533 1958 tanta
551 1888 691 1958 hominis
710 1886 837 1955 affectio
855 1887 1006 1956 nunciata
1023 1887 1092 1976 regi
1113 1906 1312 1958 nocturnum
1329 1887 1512 1978 impetravit
1529 1909 1634 1957 acces·
1667 1907 1731 1974 140

445 2027 531 2076 sum.
577 2007 682 2094 itaque
706 2005 856 2085 Mstteus,
875 2025 943 2072 non
971 2001 1073 2072 modo
1096 2003 1256 2074 velamine
1277 2005 1389 2095 cupitis
1417 2005 1562 2096 dempto,
1579 2027 1637 2074 ve·

447 2145 521 2192 tum
534 2123 633 2190 eiecta
643 2140 715 2210 post
730 2137 819 2210 terga
832 2119 991 2209 clamyde,
1000 2119 1201 2190 introductus
1219 2121 1334 2190 cecidit
1346 2137 1420 2190 tute
1431 2121 1530 2212 pedes
1541 2123 1636 2212 tegis,

448 2235 616 2326 inquiens:
638 2253 703 2302 tur
718 2255 760 2302 ne
774 2232 825 2302 ille
841 2255 875 2300 es
889 2234 943 2322 qui
958 2233 1081 2301 miseris
1096 2232 1299 2322 periclimntis
1318 2234 1427 2304 ltaliae
1441 2234 1537 2306 divus
1552 2251 1638 2325 patet

448 2349 565 2420 vans?
607 2367 644 2417 tu
661 2371 704 2416 ne
718 2347 781 2430 ille,
800 2345 924 2416 sibene
938 2346 1084 2432 memini,
1099 2367 1198 2438 quem
1213 2347 1337 2418 dudum
1355 2347 1543 2438 vigilansne
1563 2347 1638 2416 dor·

450 2464 554 2532 miens
575 2462 850 2534 reconciliatorem
867 2483 980 2531 mcum
999 2459 1118 2532 video?
1161 2483 1237 2530 ecoe
1260 2483 1343 2553 quos
1362 2463 1493 2532 osculor
1512 2481 1548 2532 et
1571 2483 1639 2530 arn·
1671 2481 1733 2550 145

449 2579 570 2670 plector
577 2577 688 2668 pedes,
702 2577 835 2648 exulum
849 2575 964 2666 qttibus
978 2597 1101 2666 paoem,
1118 2599 1181 2646 nec
1194 2599 1262 2646 non
1280 2579 1395 2668 quietis
1408 2577 1418 2670 l
1432 2595 1552 2646 sturm
1565 2575 1640 2649 sffe-

449 2693 562 2762 suntin
594 2690 1277 2781 demumprose‚etquisuinominiscauss
1286 2691 1641 2780 erulavaautl‘lptnca

451 2806 586 2891 locutus
610 2806 752 2896 benigno
774 2823 855 2876 num
873 2824 968 2896 atque
990 2824 1282 2890 commeantum
1305 2805 1527 2876 bencdictione
1543 2806 1640 2896 regis,

451 2923 571 3006 habito,
593 2923 749 2994 tediunns
772 2943 902 2993 summo
921 2943 1017 2991 mene
1039 2921 1215 3012 hoqsitium
1236 2923 1326 3013 petit.
1369 2943 1440 2992 non
1455 2942 1568 2992 temen
1590 2921 1642 2991 illa

381 3025 384 3032 ¹
451 3063 518 3111 nox
536 3040 617 3110 adeo
641 3061 733 3110 caeca
752 3057 788 3108 et
805 3039 939 3108 obscura
959 3037 1021 3108 fuit
1032 3057 1070 3108 ut
1084 3039 1253 3130 peregrino
1271 3039 1380 3110 habitu
1398 3063 1433 3110 sc
1449 3039 1640 3110 ootrrltantis
1674 3058 1740 3125 150

451 3155 541 3226 ducis
570 3155 726 3244 inclytam
757 3153 873 3224 luciam
899 3175 966 3223 non
992 3153 1210 3245 perpenderet.
1262 3155 1381 3246 quippe
1405 3177 1474 3226 non
1501 3156 1639 3224 omnino

452 3269 624 3340 exulabant
642 3293 660 3338 t
677 3271 768 3339 vulur
788 3271 855 3339 eius
873 3271 1021 3360 pristinae
1038 3267 1198 3354 fortunae,
1217 3269 1444 3360 honorumque
1459 3293 1496 3340 ac
1518 3270 1642 3340 virtutis

453 3387 605 3478 insignia;
621 3409 705 3476 quae
725 3385 801 3474 quia
822 3383 973 3474 deinceps
995 3383 1111 3453 faciem
1134 3385 1204 3467 viri,
1226 3385 1354 3475 pavoris
1375 3407 1483 3468 cussa,
1507 3385 1641 3454 minine

453 3521 574 3572 tectura
585 3519 686 3584 erant,
702 3500 833 3570 reticete
846 3499 950 3568 ndsrit
962 3499 1137 3568 rdventum
1148 3501 1227 3570 cius.
1262 3522 1349 3582 nun,
1362 3519 1503 3590 utputo,
1518 3498 1557 3568 als
1571 3499 1644 3568 sula

455 3617 548 3708 regis,
563 3615 685 3704 cogniti
699 3615 757 3682 viri
771 3633 826 3682 tut
844 3613 941 3682 auditi
956 3613 1097 3683 nominis
1111 3613 1193 3683 forre
1210 3637 1358 3684 murmur
1375 3615 1510 3684 veniens
1528 3617 1644 3684 Atten-
1677 3635 1740 3702 155

457 3753 527 3798 sem
538 3726 649 3798 urbem
664 3727 776 3796 volitat
790 3745 822 3796 et
840 3747 912 3795 ante
927 3725 1032 3796 lucem
1048 3728 1173 3796 comitis
1192 3727 1390 3820 Philipponis
1406 3729 1583 3820 hospitium
1596 3753 1645 3798 re·

457 3843 532 3935 plet.
569 3865 681 3912 vetum
694 3839 884 3932 primoribus
900 3841 1031 3910 exulum
1045 3841 1163 3926 Italiae,
1176 3843 1242 3932 qui,
1259 3865 1352 3912 causa
1366 3844 1646 3928 reconciliationis,

300 3995 320 4029 c.
337 3991 405 4042 ιομ
458 3976 612 4028 venerant
633 3957 668 4026 in
689 3979 859 4026 occursum
874 3956 992 4048 iungis,
1016 3957 1130 4025 certior
1150 3958 1287 4028 nuncius
1310 3959 1408 4040 venit,
1431 3981 1570 4049 quorum
1584 3957 1646 4028 ire·

459 4097 561 4168 quens
583 4095 620 4141 ac
639 4073 737 4142 laetus
756 4073 892 4142 nuncius
915 4095 951 4141 ea
970 4091 1066 4141 nocte
1080 4075 1244 4158 cursitans,
1268 4073 1409 4165 undique
1431 4098 1488 4166 per
1508 4075 1648 4165 hospitia

458 4187 607 4262 laetificat
617 4189 803 4260 Gibellinos.
844 4207 892 4258 ast
904 4187 958 4258 ubi
972 4189 1093 4279 primus
1107 4189 1191 4260 inter
1206 4207 1288 4259 astra
1301 4213 1432 4260 serenus
1446 4190 1515 4260 dies
1529 4191 1648 4281 coepit,
1679 4193 1744 4257 160

516 4423 546 4481 (ι)
560 4423 600 4469 ,tt
614 4423 734 4470 lsmlllsres
746 4421 814 4469 ullius
873 4423 907 4480 (b)
921 4421 960 4466 At
974 4421 1316 4468 mamucomacinlum
1371 4425 1400 4480 (c)
1414 4424 1465 4480 Aa,
1479 4423 1622 4470 Aletultut

463 4625 527 4682 Ntc.
547 4623 635 4682 Bon.
653 4625 718 4694 887:
741 4625 794 4680 «in
813 4621 936 4680 Teurino
960 4623 1034 4678 venit
1077 4621 1650 4696 Munsro,fflstsug.1,rutr.rr:«tnte

465 4723 536 4762 «rex
567 4707 759 4764 Rornanorum
787 4723 881 4764 mense
903 4705 1033 4772 octobris,
1078 4707 1191 4762 «movit
1209 4709 1259 4763 iter
1279 4709 1407 4764 trecenn's
1430 4707 1649 4766 tamennon

465 4801 555 4846 stunc
572 4807 640 4846 eim
658 4806 692 4848 eo
706 4792 786 4862 putei
800 4797 876 4848 usti
891 4809 916 4846 s.
962 4787 1033 4846 Ars.
1078 4789 1242 4858 «militibus,
1254 4793 1441 4867 peditibusque
1455 4793 1571 4850 totidem
1581 4813 1608 4848 s.
