3874 5886
483 474 522 544 lo
949 481 1194 550 HISTORIA

477 721 554 806 pace
566 713 779 804 potiusquam
794 712 888 780 armis
903 713 1066 802 cognosci.
1112 711 1197 780 mitis
1208 709 1327 803 legatio
1335 712 1370 770 (Ι)
1382 713 1415 782 in
1426 711 1623 803 praeferoces
1631 713 1666 770 (¹)

478 827 1198 920 legatos,BarbdrisquemagisquamRomanis
1207 826 1325 896 similes
1335 825 1504 896 habuisset.
1540 827 1664 918 qussaus,
1692 850 1736 899 20

477 954 647 1037 postquam
660 941 810 1012 ‘mandata
825 941 1003 1026 ediderunt,
1018 943 1052 1012 in
1068 939 1202 1012 consilio
1217 941 1342 1012 aGallo
1356 942 1390 999 ὓ)
1405 955 1597 1033 responsum
1611 944 1666 1012 da·

478 1077 548 1128 turn
566 1057 639 1127 fuit:
660 1059 718 1127 etsi
737 1080 858 1127 nomen
877 1076 1000 1127 novum
1020 1056 1149 1127 audiant
1167 1059 1401 1138 Romanorum,
1420 1073 1528 1127 tamen
1540 1057 1666 1126 credere

479 1172 563 1242 virns
578 1172 676 1243 fortes
688 1192 767 1256 esse,
782 1196 920 1265 quorum
937 1173 1089 1243 auxilium
1106 1172 1294 1242 aClausinis
1310 1173 1343 1242 in
1362 1189 1395 1241 re
1413 1173 1533 1264 trepida
1551 1173 1666 1264 implo-

478 1307 593 1371 ratum,
617 1307 648 1357 et
670 1289 824 1378 quoniam
843 1287 1004 1377 legatione
1023 1288 1173 1357 adversus
1195 1311 1229 1356 se
1253 1287 1431 1369 maluerint,
1454 1311 1552 1378 quam
1571 1289 1667 1358 armis

478 1405 558 1472 tueri
575 1405 692 1485 socios,
705 1426 764 1471 uec
778 1427 812 1470 se
824 1425 937 1492 pacem
947 1402 982 1460 (⁶)
993 1403 1002 1494 Ι
1012 1425 1109 1492 quam
1120 1401 1165 1471 illi
1180 1401 1333 1485 adferant,
1345 1405 1514 1494 aspernari,
1528 1404 1555 1472 si
1567 1403 1666 1473 Gallis
1693 1423 1734 1491 25

478 1517 645 1610 egentibus
664 1541 752 1610 agro,
767 1542 864 1610 quem
877 1519 970 1588 latius
981 1517 1175 1608 possideant,
1191 1539 1288 1608 quem
1304 1518 1420 1600 colant,
1438 1518 1579 1588 Clausini
1597 1541 1667 1611 par·

478 1653 544 1704 tem
563 1629 676 1704 linium
696 1631 883 1704 concedant.
930 1633 1020 1702 aliter
1036 1655 1148 1723 pacem
1168 1633 1328 1722 impetrari
1351 1655 1419 1702 non
1437 1655 1542 1724 posse,
1566 1653 1597 1703 er
1618 1655 1668 1703 re·

478 1773 634 1840 sponsum
655 1773 764 1820 coram
779 1751 936 1821 Romanis
954 1749 1097 1839 accipere
1115 1748 1207 1830 velle,
1221 1759 1253 1817 et
1271 1751 1298 1815 si
1321 1766 1456 1839 negetur
1467 1771 1544 1840 ager
1559 1763 1666 1820 coram

478 1863 599 1934 eisdem
622 1863 776 1936 Romanis
800 1864 1014 1945 dimicaturos,
1033 1881 1070 1931 ut
1091 1863 1242 1932 nunciare
1263 1861 1396 1933 domino
1418 1883 1550 1954 possent
1567 1887 1666 1955 quan·

478 1991 548 2048 tuni
572 1975 653 2050 Galli
677 1981 793 2048 birtute
816 1996 938 2048 ceteros
961 1977 1111 2047 mortales
1133 1995 1337 2069 praestarent.
1383 1978 1548 2070 quodnam
1568 1979 1599 2048 id
1618 1981 1667 2049 ius
1695 2000 1738 2068 30

478 2114 561 2164 esset
572 2117 685 2186 agrum
697 2117 715 2160 a
726 2093 960 2185 possessoribus
979 2111 1085 2184 petere
1098 2100 1151 2163 aut
1166 2095 1280 2162 minari
1292 2113 1390 2175 arma,
1404 2095 1558 2166 Romanis
1570 2107 1667 2184 quae·

477 2209 630 2291 rentibus,
642 2207 763 2300 etquid
782 2211 814 2277 in
833 2209 957 2278 Etruria'
976 2203 1076 2278 Gallis
1093 2209 1138 2277 rei
1156 2228 1249 2292 esset,
1270 2229 1343 2278 cum
1362 2207 1406 2278 illi
1424 2230 1459 2280 se
1477 2211 1511 2278 in
1528 2211 1667 2278 amisit)

478 2347 512 2393 se
535 2325 582 2394 lus
605 2323 684 2393 lerre
708 2343 739 2394 et
762 2323 873 2392 omnia
892 2323 1024 2393 sortium
1043 2326 1184 2394 virorum
1209 2347 1277 2394 esse
1300 2323 1446 2394 ferociter
1467 2323 1620 2406 dicerent,
1633 2325 1667 2380 (⁸)

478 2441 619 2508 accensis
638 2440 784 2530 utrinque
804 2439 930 2524 animis,
947 2440 987 2508 ad
1011 2461 1098 2508 anna
1122 2437 1312 2523 discurritur,
1327 2460 1359 2511 et
1376 2439 1535 2531 proelium
1555 2461 1666 2510 conse·

477 2555 565 2624 ritur.
610 2551 664 2635 ibi,
687 2553 751 2620 iam
775 2553 960 2644 urgentibus
984 2555 1167 2624 Romanam
1197 2555 1307 2624 urbem
1331 2553 1413 2639 fatis,
1435 2553 1532 2644 legati
1555 2573 1667 2625 contra
1695 2561 1712 2641 3
1717 2575 1736 2642 5

478 2671 527 2738 ius
549 2669 696 2760 gentium
719 2687 808 2736 arma
832 2670 969 2759 capiunt.
1016 2691 1077 2738 nec
1098 2668 1155 2760 id!
1171 2670 1252 2738 clam
1274 2693 1343 2739 esse
1365 2673 1481 2762 potuit,
1501 2693 1575 2740 cum
1594 2689 1667 2740 anre

479 2785 571 2875 signa
593 2783 789 2866 Tuscorum,
812 2802 875 2852 tres
898 2783 1088 2852 nobilissimi
1109 2783 1206 2874 legati
1228 2785 1333 2874 gentis
1356 2786 1472 2856 Fabiae
1500 2788 1666 2857 Romanae

478 2899 653 2968 inventutis
671 2881 833 2967 fortissimi
851 2911 1041 2990 pugnarent.
1087 2915 1213 2968 tantum
1236 2901 1396 2970 eminebat
1414 2902 1600 2970 temerarius
1619 2923 1666 2968 ar·

480 3034 609 3082 morum
628 3015 731 3103 vigor,
749 3012 938 3104 plerumque
958 3014 1080 3082 consilii
1098 3015 1281 3082 immemor.
1327 3017 1404 3105 quin
1424 3017 1522 3084 etiarn
1542 3015 1586 3096 Q.
1607 3015 1666 3084 Fa·

480 3129 561 3212 bius,
573 3140 656 3200 ultus
671 3135 711 3198 ex
724 3125 880 3201 Romanis
894 3127 1017 3219 legatis,
1032 3147 1163 3198 erectus
1179 3149 1265 3199 extra
1276 3131 1377 3200 aciem
1394 3151 1489 3222 equo,
1504 3131 1666 3223 quendam
1694 3150 1739 3218 40

481 3265 520 3314 ex
539 3241 673 3315 ducibus
692 3241 861 3315 Gallorum
879 3243 1027 3316 ferociter
1044 3245 1075 3313 in
1096 3245 1163 3334 ipsa
1176 3247 1268 3335 signa
1282 3247 1490 3317 Etruscorum
1505 3248 1666 3315 incursan-

481 3380 547 3429 tem
570 3360 709 3453 perlatus
731 3359 921 3430 transfixum
947 3361 1037 3430 hasta
1064 3359 1190 3443 occidit,
1220 3361 1383 3452 spoliaque
1414 3363 1482 3430 eius
1505 3362 1665 3451 legentem

482 3493 644 3565 agnovere
663 3469 761 3558 Galli3
784 3475 868 3544 illico
891 3493 958 3545 tota
981 3477 1047 3544 acie
1072 3477 1257 3546 Romanum
1280 3476 1424 3568 legatum
1446 3497 1515 3544 esse
1538 3477 1666 3566 signum

481 3590 581 3660 Gallis
599 3590 710 3661 datum
729 3609 786 3658 est.
833 3591 951 3659 omissa
969 3589 1044 3660 inde
1066 3592 1101 3660 in
1124 3590 1293 3662 Clausinos
1311 3593 1357 3660 ira
1378 3593 1517 3682 receptui
1538 3609 1666 3674 cauum,

483 3707 641 3776 minantes
664 3705 828 3776 Romanis.
875 3703 1002 3776 fitemnr
1024 3707 1079 3796 qui
1090 3706 1127 3763 (f)
1145 3707 1229 3776 illico
1257 3709 1397 3780 Romam
1426 3707 1570 3776 eundum
1594 3729 1667 3776 cen·
1694 3725 1736 3792 45

482 3833 597 3889 serent.
650 3821 755 3889 vicere
786 3823 929 3890 seniores
960 3839 997 3890 ut
1031 3819 1127 3912 legati
1159 3824 1244 3912 prius
1276 3823 1486 3906 mitterentur,
1517 3841 1667 3912 questum

482 3937 610 4006 iniurias
621 3937 657 3993 (ε)
677 3937 946 4026 postulatumque,
963 3955 997 4006 ut
1015 3959 1073 4026 pro
1088 3939 1155 4006 iure
1170 3939 1316 4027 gentium
1328 3935 1459 4019 violato,
1472 3937 1560 4006 Fabii
1572 3935 1667 4007 dede·

482 4069 601 4122 rentur.
646 4053 743 4144 legati
766 4053 934 4123 Gallorum
957 4075 1031 4122 cum
1055 4051 1205 4122 mandata
1220 4053 1230 4142 l
1243 4053 1464 4144 exposuissent
1476 4053 1513 4110 (l)
1535 4053 1666 4122 Senatui

538 4285 760 4344 (aleperlerocea
814 4285 1027 4342 (blflbGallorum
1081 4281 1346 4344 (cleoecaequldem
1359 4295 1437 4344 pacem
1492 4285 1667 4342 (duacum...

484 4365 542 4414 Galil
556 4367 579 4412 iu
592 4367 670 4422 tranq
685 4365 725 4414 Bb
737 4377 789 4412 coto
803 4365 863 4412 Galli
877 4365 900 4411 iu
913 4365 982 4412 armis
995 4378 1019 4411 κ
1031 4361 1067 4412 lua
1081 4365 1139 4412 ferre
1193 4367 1222 4424 (e)
1237 4367 1287 4422 Aa,
1302 4364 1341 4410 Bb
1354 4363 1458 4411 dixer-unt
1512 4363 1542 4422 (s)
1559 4365 1668 4411 Bberaut

484 4459 512 4492 aa
520 4443 599 4502 Gallis,
608 4445 647 4506 qui
701 4448 733 4506 (g)
743 4445 783 4491 Bb
792 4455 898 4504 questum
907 4446 1089 4504 postulatumque
1143 4443 1176 4502 (b)
1184 4445 1222 4492 Bb
1232 4457 1285 4490 cum
1295 4443 1353 4490 sicut
1362 4443 1544 4500 maturandam

521 4671 563 4740 (r)
582 4669 624 4727 ct
640 4667 675 4726 T.
690 4669 786 4740 Lrvro,
804 4669 840 4740 V,
853 4684 952 4741 xxxvi,
972 4673 1033 4730 sino
1051 4672 1078 4729 ai
1097 4675 1112 4745 ς
1140 4689 1180 4740 11,
1207 4673 1266 4729 eloe
1295 4672 1435 4730 ali’ultima
1461 4673 1667 4748 propositione:

486 4775 501 4806 a
512 4753 626 4812 Tribuni
640 4753 758 4812 mimum
773 4759 821 4812 dte.
830 4777 856 4813 ².
