3874 5886
584 1079 1104 1187 PREFAZIONE

767 1341 923 1350 n—o--n--m—

721 1788 906 1866 Cnnnouo
934 1790 960 1863 l.

669 1997 721 2069 Lo
760 1999 1022 2070 Historia.

335 2380 594 2456 ‹Suavissime
621 2407 680 2457 me
708 2407 819 2482 saepe
843 2383 976 2460 adlexit
1002 2385 1166 2460 lobannis
1184 2383 1330 2460 historia
1357 2385 1435 2460 Me

259 2513 518 2600 «olonnensis,
549 2531 623 2590 tam
658 2531 753 2614 apte,
784 2531 859 2591 tam
896 2516 1081 2616 eleganter
1112 2517 1254 2615 scripta,
1284 2534 1325 2593 ut
1350 2517 1434 2592 mibi

259 2673 398 2722 «veras
424 2648 495 2722 iam
523 2647 685 2724 redolere
712 2649 876 2724 videatur
908 2649 1035 2725 latinas
1063 2651 1202 2738 Musas,
1231 2649 1361 2747 quibus
1393 2677 1433 2726 se

253 2795 406 2854 «totum
433 2779 509 2856 sere
526 2779 687 2878 aequalis
715 2780 859 2855 Iohanni
878 2781 1082 2868 Petrarcha,
1103 2801 1142 2858 et
1168 2781 1267 2858 multi
1293 2779 1351 2856 alii
1368 2782 1432 2856 viri

252 2913 452 2988 «eiusdem
470 2915 599 2990 aetatis
625 2913 844 2989 dedicarunt.
901 2913 1064 2990 Naturali
1092 2915 1360 3013 pulchritudine,
1382 2916 1430 2990 ni·

250 3061 369 3122 «tore
407 3047 566 3144 quodam
602 3045 816 3123 Sallustiano
848 3065 887 3124 et
917 3047 1075 3132 Liuiano,
1108 3072 1263 3145 quorum
1301 3048 1433 3146 stylum

250 3203 359 3253 «non
386 3180 524 3264 imitari,
554 3179 619 3255 sed
655 3181 838 3257 imbibisse
868 3207 952 3256 eum
988 3180 1158 3266 dicamus,
1188 3199 1336 3255 ornatus
1363 3197 1429 3264 est,

250 3341 269 3384 r
288 3313 324 3388 in
349 3314 589 3411 exprimendis
608 3333 645 3390 et
662 3315 896 3415 depingendis
914 3313 1096 3390 hominum
1128 3314 1286 3388 moribus
1304 3314 1431 3389 miram

251 3463 411 3534 «artem,
427 3447 462 3522 h.
482 3475 514 3523 e.
536 3465 700 3523 naturam
719 3475 822 3524 suam
839 3447 1014 3534 adhibuit;
1036 3447 1146 3523 rebus
1172 3447 1260 3545 ipsis
1278 3472 1431 3544 quarum

249 3612 269 3651 ι
288 3605 373 3678 pars
386 3607 518 3680 magna
537 3581 611 3664 fuit,
625 3582 750 3678 eisque
765 3581 911 3678 quidem
928 3605 1022 3678 quae
1038 3581 1191 3678 patriam
1208 3579 1430 3678 praedarasn

250 3713 467 3789 «civitatem
508 3711 814 3789 Mediolanensem
853 3713 1061 3798 attinebant,
1104 3713 1197 3788 adeo
1229 3729 1430 3788 commotus

250 3863 375 3932 «erat,
405 3863 444 3922 ut
470 3861 642 3944 tanquam
669 3873 778 3922 verus
806 3845 1028 3922 Gbibellinus
1046 3847 1166 3921 divino
1183 3847 1341 3944 quodam
1360 3848 1430 3947 spi-

248 3978 352 4054 ‹ritu
378 3979 543 4064 adflatus,
571 3997 610 4056 et
643 3979 780 4056 allectis
812 3979 1135 4056 vehementissimis
1162 3981 1354 4078 inspiratus
1381 3983 1429 4056 in·

247 4139 266 4184 ‹
285 4111 409 4188 timam
427 4111 563 4188 illanm
582 4114 736 4211 partium
753 4113 909 4188 animam
928 4113 1030 4187 nobis
1048 4112 1297 4212 exhiberets'.
1341 4113 1429 4189 Cosl

235 4245 275 4319 di
304 4245 482 4322 Giovanni
509 4245 557 4320 da
585 4246 801 4322 Cennenate
836 4245 947 4322 lascib
974 4246 1097 4322 scritto
1124 4247 1313 4343 cinquanta
1347 4247 1429 4322 anni

234 4403 282 4454 or
308 4403 397 4454 sono
416 4377 463 4452 G.
493 4379 702 4479 Donniges3
722 4379 768 4454 ne
785 4378 856 4455 tale
873 4377 1026 4478 giudizio
1043 4379 1118 4476 pub
1135 4379 1321 4454 sembrase
1339 4379 1427 4478 oggi

234 4513 411 4608 inspirato
437 4511 485 4586 da
512 4537 582 4588 una
607 4512 858 4589 ammiratione
885 4510 1082 4586 soverchia.

319 4643 380 4720 Uo
406 4643 599 4744 fuggevole
617 4645 776 4745 sgmrdo
801 4643 836 4721 al
862 4643 1024 4744 proemio
1050 4643 1085 4717 di
1103 4657 1236 4740 questa
1262 4667 1423 4728 cronaca.

311 4913 319 4944 ¹
339 4915 373 4974 G.
391 4917 548 4988 oomnis
567 4919 632 4974 Acta
651 4917 757 4974 Histrici
780 4917 836 4982 Vll,
856 4917 877 4982 l,
896 4929 947 4975 vu.
