3860 5884
654 553 681 608 2.
713 553 763 610 os
791 551 1038 610 0222222222.
1434 555 1475 624 37

284 773 463 858 diolanum,
482 795 594 866 regem
613 773 741 858 ducere,
760 773 965 842 aestimantes
987 771 1105 864 ubique
1128 771 1202 842 alibi
1221 773 1350 842 insidias
1373 773 1477 862 aptius

283 889 384 982 parari
408 911 514 980 posse.
560 887 725 979 «quodsi
748 889 846 978 prius,
869 889 1029 978 inquiunt,
1051 911 1149 978 quam
1165 888 1305 958 Matteus
1320 887 1477 956 Mediola-

193 1025 258 1077 220
285 1027 365 1074 uum
373 1027 484 1074 secum
494 1005 600 1087 intret,
609 1001 675 1088 fiat,
688 1025 854 1094 nunquam
869 1001 1043 1074 mutabitur
1052 1002 1195 1072 conditio
1205 1003 1301 1092 partis
1313 1021 1478 1072 nostrae».

286 1145 390 1212 neque
414 1123 502 1190 enim
525 1119 664 1189 multum
688 1141 707 1186 a
730 1139 808 1187 vero
831 1119 934 1187 aliena
953 1139 1018 1188 erat
1041 1141 1154 1188 eorum
1177 1117 1300 1208 opinio.
1347 1139 1422 1186 nam
1446 1119 1478 1188 in

286 1235 484 1320 Mediolano,
499 1235 668 1325 plusquam
687 1231 773 1317 alibi,
789 1231 945 1302 nobilium
961 1257 1033 1324 pars
1047 1255 1129 1324 quae
1146 1256 1232 1302 nunc
1246 1231 1406 1302 Gibellina
1421 1255 1479 1302 vo·

287 1351 348 1418 cari
373 1351 488 1440 coepit,
513 1349 619 1432 altera,
643 1371 724 1438 quae
748 1349 908 1418 Turriana
934 1369 992 1432 est,
1016 1349 1155 1418 multum
1183 1349 1302 1418 viribus
1325 1350 1480 1440 omnique

285 1465 440 1554 potentia,
454 1463 533 1534 dum
549 1463 646 1533 ambo
660 1465 802 1554 integrae
817 1463 907 1534 domi
919 1465 992 1548 sint,
1008 1465 1151 1554 superior
1159 1487 1285 1554 semper
1298 1463 1368 1534 fuit.
1409 1481 1479 1532 tum

194 1601 255 1668 225
286 1577 417 1668 praefati
450 1576 546 1648 duces
570 1576 689 1660 Guelfi,
712 1579 787 1646 licet
810 1601 865 1647 rex
889 1579 944 1662 eis,
968 1601 1049 1668 quae
1073 1579 1106 1648 in
1131 1577 1272 1648 consiliis
1294 1576 1480 1661 suadebant,

287 1694 447 1765 videretur
469 1717 580 1764 aurem
599 1693 685 1778 dare,
705 1693 792 1786 quod
812 1692 925 1764 frustra
943 1717 1011 1763 non
1030 1693 1162 1764 modico
1180 1695 1286 1764 studio
1306 1717 1343 1764 ac
1362 1693 1479 1762 sollici-

287 1812 399 1881 tudine
417 1833 535 1902 magna
553 1810 592 1879 ab
611 1811 656 1880 eis
676 1829 834 1880 tentatum
857 1829 915 1894 est,
933 1829 1044 1900 utpote
1058 1811 1068 1901 fl
1084 1832 1207 1901 regem,
1224 1811 1409 1902 priusquam
1429 1832 1481 1900 ap·

286 1925 382 2016 plicet
394 1925 617 1996 Mediolanum
624 1925 658 1980 (¹)
669 1925 801 2016 Papiam
817 1923 943 2008 ducere,
956 1925 1071 2016 exequi
1086 1923 1367 1994 minimevaluere.
1403 1945 1480 1992 nam

288 2043 427 2110 blatteus
449 2039 589 2123 sedulus,
608 2040 663 2132 qui
696 2061 809 2110 cuncta
827 2041 960 2110 rimatur
982 2061 1014 2108 et
1036 2041 1143 2122 sentit,
1167 2037 1347 2124 confestim,
1367 2061 1480 2110 eorum

195 2175 260 2244 230
287 2157 418 2248 cognita
442 2157 631 2238 intentione,
650 2177 682 2226 et
706 2156 797 2225 dictis
815 2178 940 2240 eorum,
961 2179 1044 2246 quae
1064 2155 1273 2226 audiebantur
1290 2157 1324 2224 in
1344 2155 1480 2224 consilio

286 2273 382 2363 regis,
401 2291 591 2364 argumenta
614 2293 826 2362 componens,
850 2271 957 2340 subdit
990 2269 1126 2340 fideliter
1147 2271 1182 2341 in
1206 2293 1316 2340 aurem
1339 2271 1423 2362 regis
1446 2289 1483 2340 ut

287 2385 374 2455 nulla
393 2386 603 2456 Germanicae
627 2403 681 2454 aut
700 2385 828 2454 alterius
846 2385 997 2455 tardantis
1019 2386 1125 2476 gentis
1149 2407 1239 2454 mora
1261 2404 1428 2476 propterea
1447 2385 1480 2454 iu

287 2503 508 2593 expectatione
528 2521 685 2585 moretur3
704 2525 764 2570 nec
782 2501 825 2571 ob
848 2501 881 2570 id
900 2502 1033 2570 retineat
1048 2503 1108 2570 iter
1125 2523 1231 2586 suum,
1250 2502 1328 2592 quin
1347 2525 1481 2594 propere

288 2617 399 2686 urbem
419 2617 547 2686 accedat
560 2616 612 2686 ubi
630 2617 777 2686 Italicum
801 2615 947 2686 diadema
970 2634 1154 2706 sumpturus
1170 2635 1234 2686 est:
1264 2617 1409 2706 cibique,
1431 2616 1480 2684 iri·

195 2751 257 2820 235
287 2735 366 2824 quit,
388 2757 405 2801 a
423 2733 495 2802 solo
509 2732 671 2802 Gibellino
691 2752 823 2822 expecta
846 2733 928 2802 vires
952 2751 1022 2802 tuas
1034 2757 1066 2800 a.
1112 2751 1252 2802 attamen
1270 2733 1410 2802 multum
1428 2753 1481 2802 so-

288 2845 390 2916 licitus
412 2871 468 2916 rex
491 2847 595 2916 multa
617 2846 656 2914 de
676 2847 862 2916 conditione
885 2844 971 2916 urbis
989 2869 1049 2916 nec
1069 2868 1136 2916 non
1155 2847 1275 2916 civium
1298 2845 1411 2916 studiis
1431 2847 1480 2916 in·

286 2963 410 3052 quirere
434 2963 548 3052 coepit.
585 2979 663 3030 tunc
687 2961 826 3030 blatteus
850 2981 965 3028 omnes
984 2957 1141 3030 nobilium
1161 2961 1283 3050 stirpes,
1306 2981 1342 3027 ac
1363 2959 1480 3028 claram

287 3075 489 3168 popularium
508 3076 758 3158 multitudinem,
783 3075 925 3146 Guidoni
944 3075 1115 3166 paucisque
1134 3073 1320 3166 sequacibus
1343 3075 1423 3158 eius,
1446 3097 1480 3143 se

288 3193 388 3260 modo
412 3193 444 3262 in
464 3191 541 3262 urbe
563 3191 573 3282 Ι
595 3190 735 3274 videant,
759 3191 881 3260 nedum
905 3190 1014 3260 audito
1032 3191 1157 3282 imperii
1180 3193 1324 3274 nomine,
1346 3191 1480 3260 infestos

196 3327 262 3396 240
288 3327 320 3376 et
346 3306 478 3377 rebelles
502 3305 569 3376 fieri
599 3305 685 3375 dicit.
747 3307 913 3398 ahocque,
941 3307 1054 3398 inquit,
1079 3325 1114 3376 ut
1136 3328 1243 3377 assero
1268 3329 1342 3376 cum
1365 3307 1478 3398 tetige-

289 3421 355 3492 ritis
374 3419 650 3491 Mediolanensem
666 3443 781 3512 agrum
799 3419 947 3490 videbitis
966 3421 1132 3490 ntauiseste
1144 3447 1175 3490 2.

355 3538 477 3628 Itaque,
496 3537 613 3606 vadato
631 3536 733 3622 Pado,
747 3537 857 3628 paucis
876 3535 987 3606 diebus
999 3537 1034 3594 (¹)
1044 3539 1222 3608 Novariam
1242 3537 1339 3608 venit.
1373 3537 1480 3632 ibique

290 3653 446 3742 Ligumm
467 3653 503 3708 (ὓ)
530 3652 696 3743 praecipue
723 3651 956 3720 Ambrosianae
985 3652 1092 3742 gentis
1115 3653 1284 3743 explorans
1312 3675 1421 3722 mores
1443 3675 1481 3724 ac

288 3772 392 3842 studia
403 3773 617 3856 voluntatum,
628 3771 770 3862 pluribus
782 3771 893 3841 diebus
908 3795 1034 3842 moram
1044 3772 1169 3842 fecitl‘).
1216 3771 1330 3843 deinde
1349 3773 1481 3842 traiecto

197 3905 259 3972 245
289 3889 419 3970 Ticino,
448 3887 555 3956 multis
581 3887 681 3970 vadis,
705 3889 750 3956 sic
773 3888 893 3956 etenim
913 3887 1053 3976 hyemali
1072 3887 1189 3979 frigore
1207 3889 1377 3958 contractis
1392 3890 1481 3980 aquis

288 4021 404 4071 cuncta
423 4000 557 4070 flumina
571 4003 658 4070 viam
677 3999 794 4070 dabant
809 4003 875 4092 regi
885 4003 932 4086 (²),
948 4003 1103 4072 continuo
1118 4003 1199 4072 laeta
1213 4003 1305 4095 signa
1323 4001 1481 4074 nobilium

341 4223 559 4282 (aldbiiatbeum
612 4223 841 4280 thimidensium
855 4223 1048 4284 venit,l.l3urum
1102 4225 1368 4283 (cliiimommtruit

324 4413 368 4482 (t)
383 4411 422 4468 La
437 4425 564 4486 partenra
579 4411 813 4485 dell’imperatore
828 4413 862 4468 da
908 4412 1010 4470 litate
1034 4415 1212 4470 hominum
1230 4413 1270 4470 de
1289 4413 1480 4484 Vercellis,

290 4495 531 4570 Astiebbeluogo
549 4495 569 4552 il
588 4513 617 4554 ra
633 4497 780 4554 dicembre.
818 4497 861 4554 ct.
907 4497 956 4554 De
981 4497 1186 4554 marchione
1211 4497 1481 4571 Malespiuae3e

291 4579 324 4636 G.
343 4579 495 4650 Venarum,
517 4581 611 4638 Cbroa.
634 4584 689 4638 Art.
711 4581 782 4648 LIX,
802 4599 862 4654 ²3¹·
908 4581 1037 4648 nomn,
1050 4583 1149 4654 Regulo
1172 4581 1288 4656 Imperii,
1316 4581 1436 4640 toltit.
1464 4599 1479 4638 a

290 4664 316 4719 Α
332 4663 449 4720 vercelli
464 4665 490 4720 la
505 4665 635 4720 comitiva
649 4665 776 4722 lermossi
789 4679 864 4738 quat·
907 4682 933 4739 p.
949 4665 1009 4738 285.

290 4759 333 4802 tro
348 4747 445 4820 moeni,
457 4747 501 4804 dal
515 4749 581 4821 r5xl
596 4748 781 4822 tqdieembre
819 4748 863 4808 Cf.
944 4751 987 4820 (2)
1004 4749 1133 4806 «Padum
1148 4767 1213 4806 eum
1232 4751 1358 4808 somariis
1377 4763 1405 4808 et
1422 4767 1480 4807 eur·

290 4829 607 4906 oemioo,Aca,1,n
622 4851 638 4889 e
653 4833 759 4902 razDe
778 4832 865 4890 lide·
909 4833 1008 4890 «ribus
1018 4835 1076 4892 siue
1086 4835 1197 4908 navigio
1205 4835 1413 4908 transivitquod
1423 4851 1481 4892 our·
