3860 5884
606 493 632 550 1.
660 493 719 549 DE
747 492 1063 550 CERMENATE.
1388 483 1427 548 61

239 715 374 786 domus:
391 715 521 806 capiunt
532 715 647 800 claves,
660 733 693 784 et
706 735 787 805 quse
799 715 834 771 (⁸)
852 717 938 786 intus
949 731 1036 801 sunt,
1047 717 1115 788 iure
1127 717 1209 802 belli,
1222 739 1280 788 sua
1291 741 1361 788 esse
1372 740 1432 788 vo-

239 831 318 901 lunt
358 855 417 900 nec
443 829 508 900 ullo
528 829 667 902 Galeazii
686 829 773 900 dicto
792 851 846 900 aut
865 830 950 901 lacto
969 833 1051 902 illius
1071 832 1148 904 boni
1167 834 1246 904 civis
1264 832 1432 924 pacificam

237 947 419 1018 innocentis
437 945 575 1016 familiae
597 946 734 1016 domum
752 948 908 1030 testantis,
931 946 1006 1018 inde
1027 949 1147 1038 praedo
1167 949 1315 1018 barbarus
1340 949 1432 1018 educi

237 1063 351 1148 voluit,
370 1061 561 1132 nocentibus
580 1063 721 1132 innocuo
740 1062 833 1132 rebus
852 1063 928 1147 suis,
949 1083 1003 1132 aut
1025 1065 1081 1156 qui
1099 1087 1210 1134 secum
1231 1085 1332 1150 erant,
1355 1065 1432 1134 alio·

150 1203 211 1252 rto
236 1203 349 1250 rumve
372 1177 533 1249 bonorum
557 1181 678 1248 civium
701 1180 741 1248 de
771 1178 889 1249 horum
909 1179 919 1268 Ι
938 1179 1142 1272 popularium
1166 1180 1268 1250 domo
1297 1181 1432 1254 minime

236 1291 388 1362 bellicosa
413 1294 567 1384 omnique
589 1315 684 1362 causa
709 1293 874 1363 seditionis
897 1295 1019 1385 ignara,
1047 1295 1165 1366 divitiis
1189 1319 1225 1365 ac
1249 1296 1342 1366 rebus
1367 1299 1432 1366 suis

236 1409 296 1478 sibi
308 1409 496 1478 nocentibus
509 1407 623 1479 deduci
639 1409 765 1478 valuere
777 1410 810 1478 hi
822 1409 999 1500 praedones
1012 1410 1148 1482 barbari:
1165 1415 1279 1496 immo,
1290 1411 1432 1504 pluribus

237 1523 359 1606 diebus,
382 1547 448 1594 non
478 1524 607 1595 modico
635 1549 743 1594 rerum
762 1526 893 1608 damno,
913 1527 1018 1596 claves
1037 1525 1154 1596 domus
1181 1529 1284 1598 tenuit
1302 1527 1433 1619 praedo,

236 1641 340 1712 donec
363 1643 518 1712 continuo
540 1665 681 1711 crescere
711 1665 768 1711 sua
792 1641 909 1712 damna
934 1643 1059 1725 videns,
1081 1663 1147 1712 tam
1177 1643 1326 1734 pacificus
1353 1645 1433 1714 civis

149 1781 207 1848 ¹15
237 1779 345 1828 noster
367 1782 445 1828 auro
475 1758 645 1830 redimeret
673 1783 756 1850 quoe
788 1779 1007 1830 remanserant
1032 1761 1065 1830 in
1098 1759 1199 1830 domo
1226 1781 1294 1843 sua,
1320 1779 1433 1852 utpote

243 1875 390 1966 reliquias
408 1875 544 1967 praedae
553 1875 599 1944 (¹).

302 1993 375 2062 Erat
393 2011 473 2060 tunc
493 1991 670 2062 Mediolani
683 1993 833 2082 Pogonus
852 1989 893 2061 de
911 1992 940 2061 la
960 1992 1064 2062 Turre
1076 1993 1111 2050 (⁸)
1127 1995 1295 2084 episcopus
1310 1993 1433 2063 Padua-

233 2129 307 2190 nus,
323 2107 509 2178 innocentis
529 2107 680 2176 Zonfredi
699 2107 805 2192 frater,
819 2109 874 2198 qui
889 2109 985 2199 primi
1000 2109 1156 2178 tumultus
1172 2108 1307 2178 vocibus
1325 2127 1432 2200 stupe·

234 2219 346 2304 iactus,
365 2221 450 2292 illico
470 2223 594 2312 apicem
613 2240 644 2292 et
664 2221 813 2292 baculum
836 2223 1027 2314 pastoralem
1045 2225 1081 2278 (t)
1105 2245 1251 2307 sumens,
1275 2225 1309 2292 in
1332 2223 1433 2294 eccle·

146 2359 207 2408 rao
233 2337 350 2406 siastici
372 2339 506 2428 pastoris
525 2335 648 2422 habitu,
671 2357 745 2408 ante
763 2339 909 2428 germani
928 2341 977 2408 sui
997 2359 1105 2430 portas
1124 2339 1254 2410 aedium
1273 2339 1433 2410 verendus

233 2455 331 2538 stetit,
349 2455 469 2546 aliquot
487 2455 538 2546 pie
551 2455 828 2526 circumstantibus
847 2454 986 2546 pacificis
998 2456 1183 2540 Gibellinis;
1197 2458 1248 2526 cui
1260 2479 1367 2526 sacrae
1385 2480 1434 2526 re·

232 2569 360 2660 ligionis
371 2588 403 2639 et
417 2571 692 2640 circumstantium
704 2571 880 2641 reverentia
892 2573 946 2640 vix
961 2591 1143 2642 servaverat
1161 2571 1263 2642 vitam
1273 2571 1318 2656 (θ,
1334 2570 1409 2640 boni
1422 2574 1432 2665 Ι

231 2683 334 2754 fratris
357 2685 458 2754 domo
481 2687 608 2776 penitus
642 2685 785 2776 spoliata.
831 2687 951 2756 interea
975 2687 1125 2770 Matteus,
1149 2709 1310 2758 consensu
1338 2687 1433 2778 regis,

231 2799 388 2870 tumultus
407 2801 478 2870 loca
497 2801 641 2884 visitans,
659 2799 790 2870 tollendi
810 2801 939 2870 iniurias
959 2824 994 2869 ac
1017 2801 1149 2870 sedandi
1168 2801 1300 2892 praedas
1319 2803 1433 2892 gratia,

146 2939 204 3007 125
231 2917 368 2986 domum
392 2915 498 2985 dilecti
521 2917 598 2986 civis
622 2915 723 2984 fratris
737 2915 849 3004 jacobi
870 2915 909 2986 de
929 2917 1086 2986 Bechaloe
1107 2919 1249 3008 Virginis
1270 2917 1431 3008 gloriosae

232 3031 352 3116 militis,
370 3032 448 3124 quid
462 3033 504 3100 ibi
517 3033 616 3102 latitet
636 3033 776 3122 ignarus,
793 3035 870 3122 petit
881 3034 930 3102 (³).
977 3033 1031 3102 ubi
1047 3055 1134 3104 nuuc
1151 3031 1256 3102 divitis
1272 3033 1434 3104 Guldonis

285 3221 316 3274 (a)
332 3217 393 3264 Har.
403 3223 425 3262 et
435 3215 473 3275 qui
516 3217 547 3272 (b)
562 3217 621 3262 Mar.
633 3217 754 3274 pastorales
790 3217 822 3272 (e)
834 3215 882 3274 Bb,
897 3215 958 3262 ilar.
971 3215 1009 3262 tls
1020 3229 1061 3262 sua
1072 3219 1094 3240 '⁰
1104 3215 1159 3274 vita,
1169 3217 1209 3262 Aa
1223 3219 1349 3264 reverentia
1365 3217 1403 3262 vix
1415 3185 1435 3242 Ἰ

231 3321 273 3352 sea
285 3307 333 3354 rlea
347 3305 412 3364 boui3
420 3305 605 3366 mamre
619 3307 659 3352 sei
669 3307 749 3352 codic-l
755 3305 856 3365 perant
863 3326 872 3354 .·
886 3307 926 3353 ale
938 3297 1088 3372 impolluti

267 3459 311 3530 (ι)
326 3458 370 3516 (ζί
383 3477 415 3516 su
427 3473 522 3536 questa
534 3459 657 3534 lamiglia
680 3461 808 3532 omnm,
854 3461 938 3517 Ston'o
950 3461 1100 3518 scient-lert.
1112 3460 1175 3516 dello
1186 3459 1266 3516 studio
1276 3460 1303 3514 di
1320 3461 1435 3528 Padotu,

231 3542 306 3608 Vlll,
322 3541 384 3614 633.
852 3543 973 3610 Pudore,
995 3544 1071 3612 1824,
1090 3544 1146 3600 vol.
1169 3545 1189 3608 1,
1208 3562 1233 3617 p.
1254 3559 1290 3618 94
1307 3561 1322 3599 e
1338 3561 1398 3616 sgg.

265 3629 309 3700 (a)
320 3626 434 3702 Pagano
446 3629 519 3686 della
530 3628 657 3686 Torreiu
667 3629 807 3686 chiamato
887 3629 931 3700 (3)
946 3627 1007 3684 Che
1023 3629 1116 3684 Guido
1136 3627 1208 3684 della
1228 3627 1318 3684 Torre
1336 3645 1434 3685 avesse

230 3713 284 3768 alla
294 3715 358 3770 sede
368 3713 505 3770 vescovile
517 3715 663 3770 diPadova
674 3714 719 3770 nel
732 3730 806 3786 1302,
852 3726 960 3767 trovato
976 3711 1075 3784 riiugio
1094 3713 1167 3768 uella
1186 3729 1250 3768 casa
1266 3713 1293 3767 di
1329 3713 1434 3787 lacopo

229 3799 305 3854 enel
324 3815 391 3870 1319
406 3797 514 3855 elevato
530 3799 584 3854 alla
602 3799 706 3872 dignitd
721 3799 748 3854 di
763 3817 808 3872 pa·
852 3796 887 3852 da
910 3797 1053 3864 Beccaloe,
1077 3797 1144 3854 irate
1169 3799 1314 3868 gaudente,
1337 3815 1394 3852 non
1418 3801 1433 3852 e

227 3885 326 3938 triarca
341 3883 369 3938 di
382 3881 518 3956 Aquileia.
555 3883 609 3938 Pet
626 3883 694 3939 altre
705 3883 807 3939 notizie
853 3879 995 3938 adamato
1020 3881 1072 3937 che
1101 3881 1146 3938 dal
1168 3881 1201 3938 C.
1239 3881 1338 3938 Anche
1364 3883 1434 3938 sulle

229 3967 339 4024 intorno
355 3985 371 4022 a
386 3967 425 4024 lui
443 3967 478 4024 el.
491 3967 651 4036 Cavimus,
670 3969 738 4024 Hirr.
757 3985 808 4024 cos·
852 3965 965 4022 vicende
975 3965 1019 4022 del
1029 3965 1167 4022 Torrlano
1181 3969 1321 4024 einesatta
1334 3965 1361 4022 la
1377 3985 1434 4022 ver·

228 4051 807 4124 notrts.1nnmear.,1³auvium,1696
851 4051 929 4107 sione
938 4051 983 4107 del
993 4049 1273 4119 menvnooa.
1307 4051 1436 4106 Piucon-

229 4155 244 4193 e
261 4137 402 4204 Uolturci,
418 4137 494 4194 ltalia
505 4157 589 4206 sacra,
606 4139 639 4204 V,
652 4153 704 4210 447
718 4155 732 4194 e
746 4155 805 4212 sgg.
851 4133 1034 4191 formemente
1047 4135 1073 4190 al
1087 4153 1152 4192 vero
1165 4135 1244 4192 Duco
1261 4133 1430 4201 Cotreaour,

228 4219 343 4294 Pagano
362 4221 435 4277 della
459 4221 549 4278 Terre
576 4223 747 4295 comperisse
765 4235 806 4278 tta
851 4218 899 4286 111.
914 4235 1010 4276 xxvttt
1031 4217 1305 4300 qussetGuidotto
1317 4235 1434 4275 erama-

228 4303 391 4361 itestimoni
407 4303 451 4360 del
470 4303 586 4361 solenne
606 4319 662 4360 atto
680 4305 707 4360 dl
726 4304 807 4360 obbe·
853 4302 934 4361 «lato
949 4305 976 4360 dl
991 4317 1078 4378 gutte:
1095 4303 1123 4360 lu
1138 4317 1303 4379 trasportato
1319 4304 1347 4358 in
1363 4303 1433 4360 altra

227 4389 324 4444 ‹lienaa
336 4409 352 4446 e
365 4390 392 4444 di
405 4389 504 4446 iedcltl
521 4401 640 4464 prestato
653 4391 687 4445 da
700 4389 805 4446 Milano
853 4403 969 4462 sparte;
985 4391 1080 4446 diseesi
1093 4391 1145 4446 che
1155 4401 1298 4464 stampato
1307 4406 1353 4444 era
1361 4389 1433 4444 nelle

228 4475 297 4528 eda
315 4475 384 4530 altre
405 4475 469 4530 cina
488 4475 644 4544 lombarde;
663 4475 754 4532 vedilo
779 4475 806 4530 in
853 4472 953 4530 «fone
982 4472 1027 4530 del
1047 4473 1158 4530 Dellino
1175 4493 1198 4527 a.
1240 4471 1332 4528 Come
1356 4472 1433 4529 Dino

228 4559 362 4626 linuntur,
386 4559 590 4633 l‚113esgg.
638 4561 677 4616 Su
693 4561 807 4632 Pagano
852 4571 961 4632 potesse
990 4557 1143 4632 aecogliere
1168 4559 1194 4614 la
1218 4557 1287 4614 salsa
1305 4575 1377 4614 voce
1405 4559 1432 4612 di

226 4643 300 4698 della
322 4643 412 4699 Torte
442 4661 458 4700 e
491 4647 499 4700 i
525 4645 626 4718 collegi
653 4645 726 4700 delle
754 4645 804 4700 arti
852 4655 950 4716 questo
962 4643 1118 4700 voluntario
1134 4643 1211 4700 csilio
1223 4643 1269 4698 nel
1284 4641 1433 4708 bellismo,

226 4727 301 4783 dello
313 4727 404 4784 studio
422 4729 450 4784 di
462 4727 583 4796 Padova,
595 4728 629 4786 ci.
642 4729 662 4784 ll
674 4730 736 4784 doe
747 4729 807 4786 illu·
852 4725 887 4782 cl.
897 4727 976 4784 omo
985 4726 1144 4786 Cotrtaotu
1157 4728 1186 4784 in
1195 4727 1305 4784 enon
1318 4727 1434 4796 tuneo,

226 4823 312 4868 strato
336 4809 372 4866 da
389 4811 561 4870 qucesco
579 4813 677 4870 Mutua
697 4811 806 4881 Cotta,
852 4812 886 4880 11,
907 4809 966 4886 3⁶7·
