3860 5890
524 495 583 564 132
992 489 1235 546 tr1sron1a

519 729 632 785 tractet
666 712 834 794 Henricus,
862 711 918 800 qui
942 707 1147 796 Thebaldum
1176 711 1316 795 amicum
1336 727 1484 796 nestrum
1502 725 1575 792 ante
1598 730 1709 778 muros

520 827 644 910 Brixiae
662 827 765 898 viliter
779 847 870 894 more
887 826 973 894 canis
993 823 1185 906 dilaceravit,
1201 823 1469 913 dilaceratumque
1486 825 1521 893 in
1537 842 1709 914 conspectu

519 943 666 1032 gentium
679 939 893 1032 spectaculum
906 939 1071 1015 horridum
1085 959 1180 1032 atque
1195 939 1258 1008 vile
1270 941 1393 1010 cunctis
1404 938 1553 1031 gentibus
1569 938 1705 1024 deditis

519 1058 624 1146 itaque
651 1055 809 1126 horrenda
831 1077 913 1127 voce
942 1075 1058 1129 tonans
1081 1054 1211 1139 ferrum,
1231 1077 1297 1146 quo
1320 1056 1354 1124 in
1376 1080 1410 1126 se
1433 1056 1565 1140 saeviat,
1595 1057 1707 1144 querit

519 1171 606 1262 quod
629 1171 683 1240 ubi
706 1195 762 1263 per
782 1171 929 1241 custodes
952 1173 1140 1243 nunciatum
1158 1189 1207 1240 est
1233 1172 1360 1256 Galeas,
1380 1171 1562 1246 vassallum
1585 1169 1708 1245 solandi
1740 1176 1803 1240 160

520 1312 555 1358 ac
583 1287 732 1370 servandi
763 1288 888 1366 comitis
919 1309 1022 1370 causa,
1052 1285 1090 1356 ad
1117 1309 1193 1361 sum
1215 1289 1260 1358 ire
1282 1286 1381 1370 iubet,
1412 1287 1462 1370 cui
1492 1286 1553 1356 hos
1572 1285 1709 1357 furiosos

521 1427 627 1474 mores
651 1404 760 1475 amicis
779 1402 981 1474 sermonibus
998 1403 1184 1492 increpanti,
1207 1402 1311 1492 inquit
1334 1423 1458 1484 eomes:
1482 1428 1499 1484 e
1522 1424 1578 1482 cur
1595 1399 1710 1482 frustra

520 1519 614 1598 solati
627 1541 761 1608 aegrum
776 1519 920 1586 animum
936 1541 1046 1588 meum
1063 1517 1198 1602 conaris,
1216 1515 1340 1598 amice?
1385 1515 1462 1606 quid
1477 1517 1557 1598 mihi
1573 1537 1709 1606 usquaru

520 1635 587 1725 spei
617 1635 689 1704 est?
734 1635 903 1724 episcopus
928 1633 1089 1724 Papiensis
1118 1631 1214 1713 frater
1243 1656 1345 1718 meus,
1376 1633 1467 1714 cuius,
1495 1631 1606 1700 omnia
1628 1653 1709 1724 quae

520 1775 595 1820 vete
614 1773 682 1826 non
704 1774 772 1836 sua,
791 1751 847 1820 sed
873 1749 945 1818 filiis
976 1750 1056 1836 meis
1082 1747 1188 1830 dedita
1211 1749 1281 1832 usui
1304 1771 1380 1816 tneo
1403 1765 1501 1832 erant¹
1522 1749 1586 1818 vita
1605 1747 1708 1818 cessit.
1740 1750 1800 1834 165
1920 1785 1921 1848 ff

521 1864 707 1937 Ricardinus
725 1864 808 1936 filius
827 1889 928 1950 meus,
951 1867 986 1934 in
1004 1887 1081 1954 quo,
1100 1865 1127 1932 si
1149 1863 1225 1954 quid
1244 1886 1379 1954 usquam
1398 1864 1465 1953 spei
1488 1863 1607 1932 misero
1631 1863 1709 1932 mihi
1920 1851 1921 1858 ἵ

521 1999 626 2064 restat,
649 2004 772 2072 sperare
790 1981 907 2064 liceret,
922 1979 1054 2069 perfidia
1069 1979 1208 2068 Philippi
1232 1977 1272 2064 de
1296 1977 1465 2064 sabaudia,
1482 1977 1560 2048 dum
1575 1979 1712 2072 secuml
1920 1955 1921 2040 l

521 2099 647 2188 nuptias
676 2095 832 2176 celebrare
859 2095 1004 2180 debebat,
1034 2097 1067 2180 in
1097 2095 1242 2167 Taurino
1275 2096 1417 2184 captivus
1446 2117 1571 2176 moram
1604 2093 1709 2166 trahit.
1920 2085 1921 2100 ¹

521 2211 598 2302 quid
617 2230 724 2280 autem
747 2211 876 2280 ulterius
904 2210 1049 2279 fortunae
1071 2211 1258 2286 novercanti
1280 2211 1313 2276 in
1339 2231 1392 2278 me
1415 2227 1511 2292 restat
1537 2207 1709 2300 agendum,

522 2327 582 2394 nisi
601 2343 636 2394 ut
654 2326 793 2416 aequalia
812 2325 971 2408 Thebaidi
993 2324 1057 2394 lata
1075 2341 1212 2414 praestet
1229 2322 1335 2392 mihi?
1381 2345 1402 2390 o
1425 2345 1522 2412 quam
1540 2323 1639 2412 pietas
1657 2339 1711 2390 tua
1741 2339 1805 2408 170
1920 2331 1921 2354 ¹

522 2439 629 2524 hodie,
649 2464 723 2510 cum
742 2440 886 2510 hostibus
905 2439 1028 2532 gladiis,
1051 2440 1115 2509 heu
1133 2439 1271 2508 nimium
1290 2437 1397 2521 tardis,
1415 2456 1548 2528 peteret,
1564 2435 1710 2527 pestifera

522 2555 582 2624 fuit
600 2555 693 2624 mihil
736 2557 800 2624 hoc
816 2555 880 2626 fide
897 2554 1019 2636 fecisti;
1036 2557 1087 2624 cui
1102 2578 1155 2626 rue
1171 2555 1338 2626 crudeliter
1351 2554 1554 2632 lacerandum
1570 2577 1710 2632 servares

1920 2815 1921 2862 l

522 2695 590 2745 non
613 2671 750 2742 vidistin
769 2672 814 2740 (¹).
860 2671 990 2742 tandem
1009 2691 1044 2742 ut
1065 2673 1099 2742 in
1118 2672 1274 2756 hostibus,
1293 2693 1361 2742 non
1379 2695 1476 2762 quam
1496 2672 1628 2748 timebat
1642 2694 1709 2758 sae-

524 2788 646 2871 vitiam,
670 2787 725 2856 sed
753 2789 914 2874 humanae
941 2790 1171 2880 compassionis
1194 2797 1287 2858 'certa
1314 2789 1406 2884 signa
1436 2785 1534 2873 videt,
1570 2788 1710 2879 aliquan·

523 2903 627 2984 tulum
641 2903 873 2988 adserediens
885 2905 1014 2987 vulnus,
1026 2903 1114 2994 quod
1124 2927 1182 2994 per
1193 2921 1362 2995 utramque
1373 2903 1545 2986 aciarinam
1558 2903 1710 2974 laminam
1741 2915 1803 2980 175

523 3020 678 3100 nannetis
691 3019 814 3090 hostilis
831 3019 956 3110 gladius
975 3018 1101 3104 fecerat,
1116 3018 1237 3090 mederi
1259 3043 1372 3110 passus
1391 3037 1447 3088 est.
1494 3042 1606 3089 verum
1622 3019 1710 3104 aliter

523 3158 620 3226 quam
637 3135 770 3206 timebat
786 3137 903 3222 evenit,
920 3136 1082 3226 aliumque
1100 3134 1156 3218 fati
1174 3159 1284 3220 casum
1299 3134 1426 3221 habuit3
1445 3159 1522 3206 nam
1537 3137 1711 3226 imperator

559 3361 603 3431 (r)
621 3359 733 3416 intorno
764 3357 924 3427 all’iufelice
951 3371 1024 3418 sorte
1051 3357 1096 3416 del
1139 3359 1213 3434 dopo
1226 3360 1252 3416 la
1262 3359 1406 3420 catastrofe
1422 3360 1447 3418 di
1463 3359 1563 3428 Enricp
1573 3359 1633 3416 VII.
1666 3359 1712 3434 Se·

525 3455 605 3498 conte
619 3443 760 3516 Filippone
774 3443 801 3498 di
816 3443 962 3516 Langosco
976 3443 1039 3500 vedi
1051 3459 1095 3498 an·
1139 3445 1230 3500 condo
1254 3444 1273 3500 il
1296 3444 1422 3517 Morigia,
1446 3445 1520 3517 dopo
1541 3445 1561 3500 11
1579 3459 1709 3518 supporto

524 3525 576 3581 che
600 3526 620 3582 il
642 3526 780 3594 Mortem,
806 3527 901 3585 Claros.
925 3528 1033 3584 Meduli.
1059 3527 1094 3593 11,
1138 3529 1304 3593 tradimento
1322 3529 1366 3584 del
1384 3529 1556 3586 maresciallo
1574 3529 1620 3585 del
1638 3547 1666 3584 re
1684 3530 1711 3586 di

525 3625 595 3680 xvtt,
608 3628 769 3686 ttooesgg.
795 3601 892 3686 Eperu
902 3613 936 3670 da
947 3613 1095 3673 osstrvarsi
1138 3612 1250 3686 Napoli,
1267 3613 1371 3670 Matteo
1388 3613 1515 3670 visconti
1533 3613 1649 3680 avrebbe
1667 3631 1711 3668 or·

524 3695 632 3770 ch’egli,
644 3713 783 3770 aggruppa
801 3696 883 3754 ifatti
898 3697 943 3753 nel
958 3713 1017 3771 cap.
1034 3711 1095 3753 xvu
1139 3697 1231 3752 dinato
1247 3697 1298 3752 che
1314 3697 1352 3770 gli
1370 3697 1442 3754 fosse
1457 3697 1577 3754 tradotto
1595 3697 1710 3764 boanti,

524 3795 604 3836 senza
623 3779 751 3854 riguardo
771 3780 824 3836 alla
846 3781 1016 3854 cronologia.
1041 3781 1094 3837 Per
1138 3781 1183 3835 dal
1202 3798 1310 3838 carcere
1328 3781 1399 3837 dove
1417 3782 1554 3854 languiva,
1569 3781 1710 3854 Filippone

524 3865 655 3938 esempio,
667 3866 687 3920 il
701 3865 787 3921 fallite
802 3867 932 3922 tentativo
942 3865 988 3922 dei
1004 3865 1093 3923 Guelfi
1138 3866 1167 3920 di
1181 3865 1336 3939 Langosco,
1354 3883 1370 3922 c
1388 3867 1417 3924 lo
1436 3869 1551 3923 avrebbe
1569 3867 1676 3924 indotto
1694 3883 1710 3921 a

524 3961 620 4004 conto
647 3949 751 4006 Milano
774 3950 890 4007 laverito
912 3951 1093 4008 dall'esercito
1138 3951 1254 4007 scrivere
1266 3950 1294 4005 di
1306 3951 1416 4023 proprio
1429 3967 1522 4024 pugno
1532 3951 1560 4006 al
1571 3949 1709 4024 figliuolo:

524 4031 569 4090 del
595 4049 623 4088 re
646 4031 777 4100 Robetto,
803 4035 934 4090 condotto
959 4035 987 4090 in
1012 4035 1093 4090 Lom-
1138 4035 1189 4090 che
1208 4051 1237 4090 se
1256 4051 1340 4089 aveva
1359 4051 1421 4088 cara
1440 4035 1467 4090 la
1482 4035 1644 4090 minacciata
1658 4035 1709 4090 vita

523 4115 616 4172 barilia
645 4117 691 4172 dal
708 4129 789 4174 conte
807 4117 835 4173 di
853 4118 991 4192 Squillace
1009 4119 1094 4176 Tom-
1138 4117 1184 4173 de}
1200 4118 1290 4191 padre,
1309 4119 1514 4176 abbandouasse
1530 4119 1575 4174 coi
1588 4119 1650 4178 suoi
1664 4119 1712 4174 Pt-

523 4217 601 4258 maso
627 4201 776 4269 Maniano,
795 4219 843 4275 per
868 4204 888 4258 il
911 4204 1029 4278 Mor-igis
1051 4223 1094 4262 sa·
1138 4203 1196 4260 vesi
1214 4203 1362 4276 l’impreaa.
1399 4202 1533 4260 Riccardo
1557 4203 1712 4276 Langosco,

523 4285 604 4342 rebbe
622 4285 667 4342 del
685 4302 778 4342 marro
796 4287 824 4342 di
842 4287 1008 4362 quell’anno,
1021 4305 1095 4345 rnen·
1138 4288 1213 4344 vinto
1232 4286 1304 4343 dalla
1329 4287 1410 4360 pieta,
1431 4287 1547 4344 avrebbe
1570 4291 1677 4360 segnlto
1692 4285 1711 4342 11

522 4380 563 4424 tre
574 4369 679 4437 invect,
689 4369 908 4428 comevedrcmo
917 4373 963 4445 pin
976 4372 1093 4441 inomni,
1138 4371 1272 4444 consiglio
1285 4383 1407 4444 paterno.
1444 4372 1467 4427 ll
1481 4372 1599 4445 Morigia
1611 4373 1710 4444 riporta

523 4452 546 4509 si
563 4453 664 4527 riperta
682 4453 709 4510 al
726 4455 881 4523 settembre,
899 4473 915 4512 c
933 4461 988 4530 pub
1006 4457 1094 4530 ragio·
1138 4458 1230 4528 perdi
1248 4458 1294 4530 pila
1312 4456 1333 4513 il
1351 4470 1499 4514 contenuto
1518 4456 1591 4514 della
1609 4456 1709 4524 tenera,

522 4537 697 4595 nevolmente
726 4540 903 4597 considerarsi
931 4554 1012 4598 come
1039 4559 1094 4596 una
1138 4542 1190 4597 che
1205 4542 1259 4615 egli
1274 4541 1334 4598 dice
1346 4544 1437 4598 scritta
1455 4541 1501 4598 nel
1519 4559 1600 4598 senso
1618 4558 1712 4596 aecen-

522 4622 644 4678 naturale
673 4639 863 4698 eonseguenra
893 4625 965 4682 delle
997 4626 1093 4682 risorte
1138 4639 1203 4682 nato
1213 4626 1258 4683 dal
1271 4638 1351 4684 conte
1366 4625 1507 4701 Filippone
1522 4627 1548 4682 tl
1563 4625 1639 4699 figlio
1651 4626 1711 4682 Ric-

523 4707 704 4778 speramedei
713 4707 1093 4784 Gueltepiuspeciatmente
1138 4709 1229 4766 cardo.

523 4790 567 4846 dei
584 4791 656 4848 della
671 4791 760 4850 Turre
774 4811 790 4850 e
805 4794 849 4851 dei
863 4795 924 4852 loro
939 4795 1092 4869 pertigiani,
