3860 5890
493 495 536 560 94

962 491 1208 549 HISTORIA

562 714 651 780 Haec
669 713 724 782 ubi
740 715 837 781 sensit
851 737 917 796 rex,
929 716 996 804 regi
1012 714 1153 784 Roberto
1171 715 1278 784 statim
1293 716 1427 804 scripsit,
1440 713 1528 804 quod
1546 715 1685 782 multum

494 828 664 898 mirabatur
683 828 722 898 de
739 829 943 921 huiusmodil
954 829 1055 900 fratris
1074 833 1123 900 sui
1141 833 1293 900 novitate.
1339 833 1394 922 qui
1413 833 1583 921 rescripsit,
1597 831 1686 922 quod

495 967 562 1012 non
580 943 710 1012 miserat
731 945 859 1012 fratrem
878 969 973 1014 suum
997 947 1029 1014 in
1058 947 1277 1030 rebellionem,
1295 971 1355 1016 nec
1374 966 1409 1016 ut
1432 947 1570 1016 obstaret
1593 969 1685 1014 coro·
1718 967 1779 1015 120

495 1060 617 1128 nationi
636 1083 722 1143 suae,
740 1059 796 1128 sed
816 1078 852 1129 ut
870 1060 910 1130 ad
933 1062 1029 1151 ipsius
1049 1065 1264 1131 coronationis
1287 1063 1446 1132 solemnia
1468 1065 1616 1132 convivia
1639 1061 1684 1130 af·

495 1174 577 1243 foret
601 1174 731 1243 honoris
745 1199 849 1258 causa,
869 1199 1010 1246 asserens
1029 1178 1150 1246 nullam
1173 1179 1350 1247 novitatem
1374 1178 1442 1246 lieri
1455 1181 1578 1249 Romae
1593 1201 1688 1246 causa

495 1291 561 1372 sui3
578 1291 720 1372 «immo,
736 1291 847 1380 inquit,
867 1294 1015 1360 suscitata
1034 1311 1108 1362 sunt
1126 1295 1207 1362 inter
1225 1295 1392 1363 Romanos
1416 1294 1619 1382 antiquorum
1638 1317 1687 1361 se-

496 1403 655 1474 ditionum
667 1405 792 1474 semina
805 1427 897 1475 more
911 1429 1010 1476 suo».
1055 1406 1283 1498 quodcumque
1297 1407 1453 1490 scribitur,
1465 1409 1688 1478 Romanorum

495 1543 550 1588 rex
572 1519 651 1588 nihil
682 1520 756 1589 mali
785 1524 951 1612 suspicans
979 1525 1115 1592 omnino
1138 1523 1246 1606 credit,
1263 1543 1294 1591 et
1316 1525 1350 1591 in
1372 1547 1450 1613 pura
1468 1545 1504 1590 ac
1526 1521 1590 1590 lida
1613 1525 1689 1590 sitn-
1721 1542 1779 1608 125

497 1635 632 1724 plicitate
662 1637 836 1704 constantis
863 1639 959 1705 animi
985 1657 1096 1706 cuncta
1119 1637 1223 1706 ferens
1243 1656 1275 1706 et
1298 1661 1422 1727 gerens,
1443 1661 1501 1706 nec
1524 1654 1690 1726 propterea

495 1769 664 1820 tractatum
684 1752 862 1820 Clementis
885 1775 984 1842 papae
1006 1755 1127 1843 respuit
1140 1754 1185 1836 (¹),
1204 1754 1259 1844 qui
1283 1753 1479 1821 matrimonii
1495 1751 1610 1842 copula
1624 1751 1688 1818 iam

496 1866 550 1934 diu
566 1867 718 1936 ventilata
740 1867 907 1936 vinculum
923 1866 1101 1937 dilectionis
1116 1887 1148 1936 et
1166 1872 1250 1958 pacis
1274 1868 1472 1958 proponebat
1490 1869 1689 1957 interreges.

497 1985 587 2052 cuius
602 1985 648 2051 rei
668 2007 762 2052 causa
779 1983 947 2053 Conradus
963 1985 1080 2053 Lanzia
1092 1985 1138 2068 (²),
1154 1985 1296 2054 Federici
1312 1985 1435 2053 Siciliae
1449 1984 1533 2073 regis
1548 1982 1690 2063 nuntius,

497 2120 573 2170 tunc
585 2101 594 2192 ll
610 2103 742 2169 Ianuam
758 2101 871 2172 fmstra
887 2103 987 2184 venit,
1007 2125 1079 2170 eam
1094 2102 1178 2190 regis
1194 2101 1294 2170 nostri
1309 2100 1419 2184 filiam,
1435 2101 1524 2168 cuins
1540 2121 1595 2188 per
1610 2121 1692 2188 pon·
1723 2119 1783 2186 130

498 2215 618 2284 tificem
649 2217 838 2286 tractabatur
862 2217 1119 2300 matrimonium,
1137 2235 1249 2306 petens
1271 2239 1330 2306 pro
1354 2218 1449 2284 Petro
1474 2216 1573 2304 ipsius
1592 2213 1691 2282 Siculi

498 2332 582 2420 regis
601 2329 679 2401 filio.
726 2352 792 2402 erat
804 2350 879 2402 tunc
891 2335 1009 2402 Ianuae
1025 2331 1209 2400 Ludovicus
1233 2332 1272 2398 de
1287 2329 1456 2413 Sabaudia,
1472 2331 1526 2418 qui
1542 2328 1581 2395 ab
1596 2328 1689 2396 initio

499 2471 606 2516 rerum
629 2471 813 2537 praecursor
831 2471 867 2517 ac
890 2449 1012 2540 legatus
1035 2449 1119 2538 regis
1134 2447 1170 2504 (⁵)
1194 2449 1318 2518 Romae
1337 2445 1448 2529 fuerat,
1468 2445 1585 2534 ibique,
1609 2444 1690 2511 mira

500 2563 656 2633 alacritate
685 2583 829 2654 receptus
864 2583 968 2654 atque,
999 2564 1041 2631 ob
1076 2565 1286 2632 reverentiam
1321 2563 1415 2650 regis,
1448 2579 1575 2630 senator
1604 2559 1692 2626 urbis

498 2677 598 2747 factus
613 2679 659 2760 (⁴),
669 2701 725 2768 per
738 2699 864 2769 tempus
880 2698 1002 2748 certum
1014 2697 1146 2748 rexerat.
1186 2676 1300 2746 deinde
1315 2676 1458 2759 dimisso,
1470 2676 1524 2766 qui
1537 2674 1691 2766 populum
1724 2696 1737 2741 1
1744 2697 1760 2762 3
1767 2697 1783 2762 5

498 2812 622 2881 regeret
644 2793 715 2862 vice
736 2795 797 2876 sui,
816 2793 934 2864 Iacobo
949 2794 989 2862 de
1012 2793 1165 2875 Ambalis,
1184 2793 1217 2862 in
1238 2810 1337 2862 castra
1353 2792 1436 2882 regis
1455 2807 1587 2860 venerat
1604 2789 1692 2858 iuxta

500 3111 546 3149 ma
558 3107 702 3151 nontenne
718 3107 801 3151 conto
814 3095 885 3150 delle
897 3107 982 3152 esatte
992 3113 1075 3152 asser·

500 3178 573 3232 aioni
592 3177 636 3233 del
655 3177 688 3233 C.

535 3259 578 3335 (r)
592 3261 630 3317 Su
643 3275 740 3335 questo
749 3263 845 3335 luogo,
855 3275 935 3335 posto
948 3281 963 3317 a
974 3263 1075 3318 riston-

499 3359 543 3401 tro
562 3363 616 3400 con
634 3349 704 3402 nus.
723 3347 872 3414 Mussnro,
890 3347 925 3414 V,
943 3348 1014 3402 rubr.
1035 3363 1073 3413 vt,

501 3427 535 3482 cf.
553 3429 578 3483 le
594 3431 683 3500 giuste
695 3430 879 3484 osservazioni
898 3431 942 3486 del
962 3431 1074 3486 Βόκκι-

501 3527 560 3578 nes,
578 3514 666 3570 Kritik
682 3513 726 3568 der
741 3515 855 3584 Qrutten,
875 3533 899 3588 p.
915 3531 950 3586 92
965 3530 981 3569 e
996 3531 1054 3586 sgg.

536 3597 576 3666 (a)
595 3595 847 3652 Dell’ambascieria
865 3600 891 3653 di
911 3597 1037 3654 Corrado
1056 3613 1074 3652 ο

432 3731 436 3742 ,
501 3680 604 3751 meglio
625 3679 770 3752 Galvagno
789 3681 892 3736 Lancia
917 3700 933 3736 a
959 3681 1074 3738 Genova

500 3779 557 3818 non
574 3775 655 3818 trono
672 3763 782 3818 ricordo
797 3765 848 3820 the
866 3765 894 3819 in
913 3766 981 3820 Ate
1001 3765 1075 3819 Mus·

502 3861 584 3914 saro,
599 3862 644 3920 op.
659 3847 704 3902 cit.
719 3847 753 3914 V,
769 3849 840 3902 rubr.
864 3864 895 3904 vr
910 3851 943 3904 ed
959 3864 1025 3915 vm,
1040 3851 1075 3902 ne

502 3931 528 3986 ci
539 3935 554 3986 e
567 3943 634 3986 noto
650 3931 730 3986 alcun
740 3932 906 3988 documento
914 3935 943 3988 in
958 3935 1002 3988 cui
1015 3933 1077 3989 Cle·

502 4027 595 4070 mente
609 4015 634 4070 V
650 4017 789 4088 apparisce
804 4019 980 4090 negotiatore
996 4019 1021 4072 di
1038 4035 1074 4072 un

502 4099 651 4170 parentatio
669 4113 709 4154 tra
725 4100 809 4156 Carlo
825 4103 895 4156 duca
907 4101 933 4156 di
948 4101 1075 4158 Calabria

503 4201 518 4240 e
537 4185 660 4240 beatrice
672 4183 746 4256 figlia
765 4185 792 4240 di
809 4187 918 4256 Arrigo.
946 4186 1075 4242 Tuttavia

502 4267 567 4324 Ntc.
586 4267 676 4324 Bora.
688 4284 749 4340 913,
759 4268 861 4326 scrire:
882 4289 897 4320 a
908 4281 973 4324 tunc
986 4271 1076 4326 inveni

504 4371 517 4400 α
528 4353 555 4404 in
564 4352 637 4406 dicta
647 4352 755 4408 civitate
766 4351 861 4423 (Pisis)
872 4369 956 4407 unum
966 4352 1077 4408 fratrem

505 4437 805 4509 «praedicatoremqui
814 4449 928 4492 vocatur
937 4437 1018 4493 frater
1027 4437 1079 4492 Pe·

505 4523 660 4590 «regrinus,
673 4521 786 4578 missum
798 4539 846 4594 per
854 4539 947 4593 regem
957 4521 1077 4578 Frederi-

506 4621 603 4659 «cum.
640 4605 721 4670 Quae
736 4605 787 4662 suit
804 4607 850 4662 illa
865 4607 953 4680 prima
970 4591 1078 4664 anibas-

506 4689 597 4744 «siata
612 4706 695 4761 quarn
705 4693 831 4763 portavit,
843 4693 946 4748 nescio.
977 4693 1076 4748 Audivi

507 4785 622 4828 atamen
638 4776 709 4846 quod
726 4775 854 4830 dominus
871 4775 1027 4832 Fredericus
1046 4775 1077 4830 li-

1120 3095 1238 3152 «benter
1257 3093 1340 3150 vellet
1364 3109 1424 3149 esse
1447 3093 1554 3147 iunctus
1579 3091 1693 3145 domino

1121 3179 1203 3250 «regi
1233 3195 1280 3252 per
1314 3177 1432 3252 aliquam
1462 3175 1640 3249 parentelam,
1667 3187 1694 3230 et

1119 3276 1254 3337 «propter
1277 3263 1332 3318 hoc
1357 3273 1470 3318 venerat
1493 3261 1580 3316 dictus
1604 3260 1694 3314 frater.

1121 3349 1219 3405 «Cum
1240 3348 1314 3404 dicto
1337 3347 1419 3402 fratre
1438 3345 1514 3402 missi
1532 3344 1640 3400 fuerunt
1658 3344 1691 3398 ad

1120 3455 1134 3484 a
1145 3449 1239 3504 regem
1249 3432 1423 3488 Fredericnm
1433 3430 1488 3485 duo
1501 3447 1534 3484 ex
1543 3441 1620 3501 parte
1629 3429 1694 3483 dicti

1120 3519 1225 3588 «regis,
1237 3534 1306 3572 unus
1320 3516 1418 3572 nobilis
1433 3515 1466 3570 de
1478 3515 1610 3570 comitatu
1630 3511 1692 3567 Plo·

1121 3623 1135 3652 e
1145 3603 1261 3668 rentino,
1277 3601 1322 3675 qui
1337 3612 1452 3655 vocatur
1466 3599 1594 3654 dominus
1609 3597 1694 3652 Ubal·

1120 3686 1195 3741 edus
1207 3686 1241 3741 de
1253 3686 1406 3750 Ubaldinis,
1424 3683 1506 3738 frater
1518 3682 1612 3737 vicarii
1629 3693 1695 3736 tunc

1120 3767 1246 3833 «Pisani,
1261 3778 1289 3822 et
1303 3767 1413 3839 quidam
1429 3765 1508 3820 miles
1523 3762 1695 3818 Florentinus

1121 3873 1136 3904 α
1147 3851 1193 3924 qui
1211 3863 1324 3907 vocatur
1342 3851 1471 3906 dominus
1486 3848 1646 3904 Lambertus
1660 3846 1696 3901 de

1123 3936 1318 4008 «Ciptianis».

1156 4021 1199 4094 (3)
1219 4020 1262 4078 cf.
1282 4021 1418 4085 Bosamr,
1437 4037 1481 4091 op.
1501 4018 1546 4074 cit.
1564 4017 1586 4082 l,
1608 4033 1647 4070 tr.

1157 4106 1199 4176 (4)
1213 4106 1266 4162 Cib
1280 4123 1325 4162 era
1336 4114 1471 4160 avvenuto
1484 4103 1544 4158 sino
1555 4099 1599 4155 dal
1612 4099 1696 4156 rode·

1123 4191 1324 4262 cembre13ro.
1360 4189 1423 4244 Una
1441 4187 1537 4242 lettera
1549 4183 1697 4258 pontificia,

1122 4275 1276 4348 pubbllcata
1298 4273 1343 4330 nel
1365 4274 1448 4328 citato
1475 4273 1572 4342 Regulo
1593 4269 1621 4323 tii
1641 4266 1697 4321 Cle-

1122 4367 1200 4413 mente
1220 4359 1250 4424 V,
1264 4375 1289 4431 p.
1302 4373 1363 4425 410,
1379 4354 1510 4422 annoVI,
1524 4351 1666 4408 conferma
1682 4367 1698 4404 a

1123 4441 1266 4496 Ludovito
1285 4443 1313 4495 di
1332 4441 1432 4496 Savoia
1450 4439 1478 4494 la
1496 4437 1598 4510 dignita
1620 4451 1698 4490 sena·

1122 4525 1193 4580 toria
1209 4524 1259 4579 eil
1278 4541 1399 4596 govemo
1415 4524 1442 4578 di
1457 4521 1549 4578 Roma
1564 4518 1609 4575 dal
1627 4519 1655 4574 1⁰
1670 4517 1699 4572 cli

1123 4609 1236 4680 maggio
1246 4607 1272 4662 al
1286 4607 1313 4661 1⁰
1326 4608 1353 4662 di
1366 4619 1463 4680 agosto
1472 4606 1517 4662 del
1531 4621 1611 4677 1311:
1626 4600 1699 4656 «ribi

1124 4693 1316 4748 «senatoriam
1334 4691 1458 4747 eiusdem
1477 4690 1559 4746 Urbis
1582 4701 1609 4744 et
1630 4687 1700 4757 regi·

1123 4797 1139 4828 α
1148 4793 1212 4832 men
1224 4793 1310 4850 usque
1325 4777 1358 4830 ad
1374 4787 1428 4832 tres
1439 4789 1558 4840 menses,
1571 4769 1700 4842 incipien-
