3860 5884
624 515 649 570 1.
677 513 734 570 oe
763 513 1077 570 centri-:nare
1401 519 1441 586 43

255 733 408 826 providus
419 734 720 826 iuristaStepbanus
734 735 1010 806 deVicomercato
1028 737 1225 826 respondens
1237 735 1330 806 dixit:
1348 754 1448 828 «eget

256 877 297 924 ne
315 853 458 924 libertate
471 871 503 922 et
516 851 654 938 arbitrio,
672 853 722 922 cui
741 855 838 923 totius
852 871 993 922 terrenae
1006 853 1085 942 legis
1103 852 1250 922 conditor
1261 873 1370 923 noster
1385 852 1443 922 do·

256 969 363 1038 minus
381 993 447 1052 rer,
467 990 600 1037 omnem
613 989 710 1057 quam
729 967 824 1036 habet
839 967 1100 1052 iurisdictionem,
1115 986 1147 1036 et
1164 969 1251 1037 vices
1267 991 1341 1038 suas
1357 989 1447 1036 com·

186 1100 227 1168 45
256 1083 352 1166 misit,
362 1083 502 1152 totaliter
514 1083 548 1152 in
562 1081 639 1152 urbe
657 1101 765 1152 nostra
783 1101 815 1152 et
834 1105 893 1151 nos
905 1083 1048 1152 similiter
1058 1102 1214 1174 quantum
1235 1081 1328 1151 habet
1340 1083 1374 1150 in
1387 1105 1447 1150 nos

257 1198 433 1268 libertatem
447 1217 480 1268 et
491 1197 655 1268 arbitrium
668 1197 820 1268 dominus
834 1197 957 1282 mundi,
971 1217 1092 1268 tantam
1109 1197 1222 1268 damus
1234 1196 1314 1268 tibi?
1345 1221 1448 1288 neque

257 1315 417 1404 Paganus,
444 1315 478 1384 in
503 1314 568 1384 boc
590 1315 740 1404 negocio,
762 1337 843 1406 quae
866 1314 980 1396 voluit,
1004 1312 1088 1399 iecit,
1112 1315 1162 1384 cui
1186 1314 1246 1384 soli
1270 1335 1336 1382 non
1360 1313 1449 1382 licuit

256 1429 344 1520 leges
370 1430 508 1500 condere
522 1455 553 1500 a.
592 1429 717 1498 atille:
747 1430 922 1520 «intelligo
943 1449 986 1514 te,
1012 1431 1125 1521 inquit,
1153 1427 1326 1520 Stephane.
1366 1445 1449 1496 certe

257 1545 333 1636 quid
353 1569 406 1614 me
423 1564 530 1615 teneat
548 1545 698 1615 rubecole
717 1569 866 1638 nequam,
886 1547 1007 1630 nescio,
1021 1547 1099 1637 quin
1118 1565 1149 1616 te
1167 1546 1177 1638 Ι
1195 1545 1384 1638 acephalum
1402 1545 1450 1613 vi-

188 1681 230 1748 50
258 1659 324 1730 deri
347 1659 478 1744 faciam3
502 1659 597 1752 idque
620 1661 677 1730 tibi
701 1661 823 1730 accidet
844 1662 913 1730 sine
937 1683 1039 1744 mora,
1062 1661 1124 1730 nisi
1147 1663 1254 1730 statim
1277 1680 1449 1752 antequam

258 1777 355 1868 pedes
386 1797 503 1860 mutes,
531 1797 566 1846 ut
588 1797 755 1868 praecepta
778 1801 850 1846 mea
876 1801 994 1860 serveS,
1025 1777 1139 1846 decem
1169 1777 1266 1846 millia
1297 1775 1449 1846 librarum

257 1893 336 1960 mihi
351 1893 469 1962 vadem
481 1891 634 1986 [dederis]
651 1919 682 1961 a.
725 1895 846 1962 cunctis
860 1892 978 1962 stolido
990 1893 1024 1948 (⁸)
1039 1915 1158 1984 pavore
1171 1891 1322 1982 perculsis
1340 1915 1375 1960 ac
1387 1909 1451 1960 stu·

255 2007 414 2100 pentibus,
436 2009 525 2078 velut
548 2009 645 2078 unico
663 2007 763 2078 verbo
781 2009 916 2100 iugulari
935 2009 1071 2099 possint,
1089 2009 1176 2076 solus
1195 2009 1343 2098 Paganus
1361 2007 1401 2076 de
1421 2007 1451 2076 la

256 2125 361 2196 Turre
383 2125 462 2194 socii
485 2125 607 2194 dictum
631 2123 774 2207 laudans,
791 2147 829 2194 ac
847 2125 1018 2195 saevientis
1039 2124 1128 2194 ducis
1139 2123 1174 2180 0)
1188 2125 1269 2192 itam
1289 2123 1449 2206 molliens,

188 2259 226 2326 55
257 2240 375 2330 inquit:
396 2267 412 2305 α
429 2241 555 2310 socium
566 2263 624 2330 pro
640 2241 762 2310 cunctis
781 2240 866 2310 baud
883 2241 972 2308 aliter
987 2263 1085 2332 quam
1100 2241 1188 2310 iuxte
1203 2239 1333 2322 dixisse,
1346 2261 1451 2330 neque

256 2379 338 2447 quae
360 2354 483 2426 dixerat
504 2355 575 2444 plns
597 2377 695 2446 qnam
717 2377 776 2426 sua
794 2379 831 2424 ae
854 2357 1017 2425 sociorum
1043 2354 1140 2424 verba
1163 2377 1243 2438 esse,
1268 2373 1299 2424 et
1322 2355 1450 2437 merito,

257 2467 285 2538 si
299 2467 374 2538 inde
389 2489 540 2560 sequatur
554 2469 730 2560 periculum
742 2469 787 2554 (θ),
805 2469 1090 2560 quodabsurdum,
1104 2492 1162 2540 sua
1176 2472 1290 2560 cuique
1305 2489 1453 2540 nostrum

257 2585 327 2653 eius
350 2583 569 2678 [discriminis]
591 2587 697 2676 portio
721 2584 875 2676 captanda
898 2603 956 2654 est.
998 2607 1111 2654 verum
1135 2585 1243 2655 omnis
1266 2583 1360 2654 vobis
1382 2605 1451 2654 tan·

257 2723 356 2792 quam
375 2699 509 2771 domino
533 2701 714 2771 obedientia
737 2701 917 2772 exbibenda
940 2719 999 2784 est,
1018 2719 1050 2770 et
1072 2719 1199 2792 praesto
1217 2701 1334 2770 sodalis
1353 2699 1451 2770 vades

188 2815 230 2883 60
257 2837 329 2884 sum
342 2842 374 2886 a.
410 2815 527 2886 deinde
554 2819 668 2886 caeteri
691 2839 761 2885 sese
784 2815 933 2897 offerunt,
962 2817 1095 2906 receptis
1124 2817 1230 2906 itaque
1259 2813 1302 2884 ob
1331 2815 1452 2884 nullam

258 2953 385 3000 causam
411 2931 544 3002 vadibus
559 2933 605 3014 (θ,
624 2933 819 3024 indignatus,
843 2955 899 3001 seu
924 2933 1028 3001 verius
1051 2933 1131 3000 iram
1155 2931 1292 3022 lingens,
1323 2931 1452 3002 naribus

257 3046 398 3128 tumidis,
414 3046 555 3138 trepidos
565 3048 599 3103 (θ)
614 3071 651 3116 ac
667 3048 842 3141 degeneres
857 3067 964 3116 tantae
979 3047 1065 3116 urbis
1079 3049 1166 3117 cives
1180 3065 1271 3116 tonat
1284 3047 1453 3140 inquiens:

261 3163 353 3232 enisi
373 3165 542 3232 statueritis
560 3163 570 3252 Ι
589 3186 663 3234 cum
682 3181 769 3233 tanta
788 3163 929 3234 libertate
948 3161 1111 3232 arbitrium
1135 3163 1225 3246 mibi,
1242 3181 1276 3232 ut
1294 3163 1387 3234 nullis
1406 3181 1453 3232 te·

258 3300 335 3346 near
352 3277 487 3367 legibus,
511 3277 738 3370 quodcumque
759 3278 867 3348 volam
888 3303 924 3348 ac
944 3277 1104 3348 mandabo
1114 3277 1160 3362 (fl,
1179 3277 1210 3347 id
1229 3297 1332 3357 ratum
1351 3279 1402 3360 sit,
1421 3297 1453 3348 et

188 3395 228 3478 65
259 3391 355 3462 verba
373 3415 446 3462 mea
464 3413 585 3464 vestras
600 3414 751 3486 rumpant
769 3395 868 3486 leges,
887 3395 1075 3485 nullumque
1094 3393 1331 3486 provocationis
1351 3416 1453 3462 reme-

259 3507 348 3578 dium
371 3507 522 3592 babeatis,
541 3511 638 3596 cives,
655 3531 766 3580 contra
781 3511 883 3580 edicta
907 3511 1039 3594 mealt);
1058 3511 1214 3600 accingite
1237 3532 1297 3578 vos
1317 3509 1453 3580 iustitiae

259 3643 386 3694 nostrae
401 3625 448 3706 θ’),
481 3645 513 3694 et
536 3625 736 3696 obedientiae
768 3627 894 3718 penitus
918 3649 976 3695 vos
999 3645 1127 3716 parate;
1159 3649 1233 3696 snm
1263 3647 1315 3708 ne,
1338 3625 1453 3716 inquit,

258 3761 300 3808 an
326 3737 416 3808 vobis
436 3739 548 3810 videor
575 3765 644 3810 esse
671 3741 809 3810 deterior
831 3741 892 3824 his,
917 3743 971 3832 qni
996 3741 1149 3810 hactenus
1172 3741 1224 3810 hit
1247 3741 1452 3825 rexeruntli,

258 3853 373 3946 quibus
396 3878 523 3946 semper
545 3855 710 3926 arbitrium
733 3877 765 3926 et
784 3857 962 3926 libertatern
985 3857 1017 3926 in
1041 3880 1091 3926 res
1109 3877 1141 3926 et
1159 3880 1311 3948 personas
1333 3877 1454 3928 vestras

189 3987 232 4056 70
258 3969 343 4039 ultro
366 3971 454 4040 velut
476 3969 517 4040 de
531 3971 762 4040 consuetudine
786 3971 1062 4041 contulistislllis
1112 3990 1188 4040 tunc
1214 3973 1334 4062 paucis,
1351 3991 1385 4040 ut
1403 3995 1453 4040 res

259 4085 422 4174 poscebat,
436 4084 468 4154 id
480 4085 701 4170 sentientibus,
718 4085 823 4177 pavidi
839 4109 874 4156 ac
894 4085 1067 4177 degeneres
1083 4087 1168 4156 cives
1182 4089 1292 4170 nostri,
1305 4087 1453 4157 timentes

313 4337 343 4390 le)
357 4335 417 4382 ¹llere.
429 4335 501 4380 solido
543 4337 574 4392 (bl
584 4335 624 4382 Bb
637 4349 663 4380 ec
678 4337 798 4382 saevientis
811 4335 868 4383 iram
912 4344 939 4392 tel
956 4338 999 4384 Bb
1012 4337 1091 4384 eliade
1104 4337 1197 4398 percuti
1211 4339 1333 4400 quicquum
1346 4347 1453 4398 sequetur

259 4419 292 4472 (at
304 4417 330 4464 le
343 4419 385 4464 Aa
400 4429 483 4462 maura
497 4417 593 4463 redibas
643 4420 671 4472 (e)
683 4417 723 4463 et
736 4417 859 4476 intrepidos
908 4419 939 4476 ll)
949 4419 988 4466 Bb
1001 4419 1139 4466 mandavero
1193 4423 1225 4478 (Β)
1235 4421 1275 4467 Bb
1289 4431 1366 4468 eontra
1381 4422 1452 4468 edicte

259 4511 307 4542 rnea
321 4497 420 4543 maletis
434 4497 488 4556 qna
502 4497 625 4556 aliquando
639 4497 808 4544 recalcitrantes
821 4507 901 4544 contre
915 4499 1031 4544 stimulum
1046 4509 1213 4557 consequuntur
1264 4501 1295 4558 (b)
1310 4503 1354 4548 Bb
1366 4511 1454 4548 restrae

259 4575 285 4630 ll)
305 4573 344 4622 ab
357 4583 509 4634 regnaverunt
577 4575 609 4632 li)
624 4576 666 4622 Bb
678 4577 835 4622 contulletiel·
870 4589 896 4622 rc
910 4577 961 4623 licet
981 4589 1027 4622 non
1041 4577 1101 4636 quod
1119 4579 1215 4636 volebat,
1230 4587 1304 4626 tamea
1321 4579 1454 4639 plusquam

259 4653 317 4700 larle
330 4653 429 4700 nibem
442 4655 535 4714 dlflotnn
555 4665 611 4710 eret.
626 4656 733 4710 obdnuit,
748 4657 816 4714 idque
829 4655 910 4714 peucle
923 4655 1111 4714 solesquentibus
1124 4655 1204 4701 dlebus
1224 4655 1328 4702 elleetarn
1342 4663 1385 4706 est.
1400 4655 1454 4702 dura

258 4736 354 4782 stolidee
366 4745 389 4782 et
401 4737 480 4784 laertes
494 4739 588 4784 nimime
602 4739 710 4784 abnuatur
727 4739 809 4784 rnlnee.
837 4750 894 4796 qaae
910 4737 955 4783 iem
974 4737 1109 4796 relinquitur
1125 4737 1266 4796 propinquae
1279 4737 1387 4784 libertatis
1400 4735 1454 4782 rial

260 4823 356 4862 mmet
378 4817 1454 4876 tmttltnmtmomnmluruurnormeaamtmntenoenleeptrrlumqoe
