3860 5890
608 571 636 629 1.
664 571 723 629 DE
750 569 1065 630 CERMENATE.
1367 573 1427 640 143

242 821 301 870 nec
323 797 407 890 capit
429 795 568 887 hospitio
590 795 680 866 vicus
711 795 770 864 iste
804 815 860 865 eos
883 795 938 885 qui
960 812 1126 875 venerunt,
1150 791 1223 863 licet
1252 791 1426 883 plurimum

151 937 216 986 aro
242 915 366 1006 amplus
388 915 439 982 sit.
485 913 547 982 huc
570 930 725 982 venerunt
748 911 824 981 Litti
846 911 886 979 de
909 909 1032 980 Arluno
1055 929 1087 978 et
1110 909 1162 978 alii
1184 908 1276 979 multi
1307 909 1430 978 nobiles

243 1053 316 1102 cum
340 1047 460 1100 armata
482 1027 684 1100 multitudine
707 1027 891 1118 agrestium,
905 1027 970 1117 qui,
993 1043 1163 1117 postquam
1186 1025 1383 1116 inopinatam
1399 1045 1430 1094 et

243 1145 389 1216 inutilem
420 1163 588 1216 senserunt
623 1165 747 1212 moram
781 1161 935 1225 nostram,
972 1141 1107 1212 domum
1142 1141 1259 1210 reversi
1294 1158 1370 1212 sunt
1387 1141 1433 1208 (¹).

243 1279 368 1354 praesto
390 1281 469 1350 ergo
491 1257 667 1352 procedatis
689 1259 802 1328 saltem
827 1281 927 1350 usque
949 1255 1093 1340 Rhande,
1108 1257 1161 1326 ubi
1177 1257 1241 1326 iarn
1256 1253 1431 1326 multitudo

244 1395 371 1448 nostrae
394 1377 509 1467 gentis,
526 1375 623 1464 pulsis
646 1373 721 1444 inde
735 1375 789 1464 qui
813 1373 963 1442 adversae
986 1373 1078 1442 nobis
1101 1371 1249 1442 factionis
1272 1389 1357 1454 sunt,
1374 1393 1434 1440 nos

153 1513 215 1580 215
244 1509 423 1582 expectant,
445 1489 550 1580 ibique
571 1511 664 1578 spero
687 1487 833 1558 videbitis
865 1486 1033 1558 manifeste
1055 1487 1176 1556 nullam
1202 1485 1292 1556 vobis
1314 1484 1432 1556 factam

244 1606 493 1698 promissionem
515 1603 612 1674 fuisse
632 1625 748 1672 vanam
762 1629 792 1672 a.
838 1621 916 1672 tunc
939 1602 1170 1672 mareschalcus
1192 1601 1265 1672 ficte
1284 1625 1324 1671 ex
1339 1599 1433 1670 indu·

245 1725 337 1792 stria:
358 1747 375 1788 u
391 1739 423 1792 et
445 1719 579 1792 Rhaude
601 1737 688 1790 eatur
701 1744 733 1801 s,
748 1719 862 1810 inquit.
908 1717 986 1788 haec
1001 1716 1228 1788 mareschalehi
1244 1739 1309 1786 vox
1325 1716 1433 1788 audita

245 1837 351 1910 subito
373 1859 430 1928 per
452 1836 641 1926 Legnanum
669 1856 777 1926 sparsa
800 1835 919 1904 multos
942 1835 1119 1924 perniciose
1147 1831 1267 1918 fefellit,
1290 1833 1344 1923 qui
1367 1855 1435 1902 non

246 1953 418 2044 expectatis
439 1952 550 2040 signis,
573 1950 768 2020 tumultuose
790 1949 901 2042 rapido
924 1973 1017 2020 cursu
1040 1973 1150 2020 versus
1173 1951 1304 2040 Papiam
1328 1951 1432 2020 simile

156 2087 221 2138 aao
247 2070 305 2138 iter
326 2065 421 2158 fugae
444 2066 582 2156 capiunt,
606 2087 665 2134 nec
696 2065 808 2136 alicubi
839 2089 963 2136 moram
987 2065 1116 2136 trahunt
1139 2065 1221 2134 circa
1246 2087 1357 2155 passus
1380 2063 1437 2134 flu·

248 2185 342 2254 minis
356 2183 515 2254 Ticinelli.
561 2184 614 2274 qui
631 2205 709 2252 vero
723 2183 856 2256 Rhaude
875 2201 1084 2274 pervenerant
1102 2183 1220 2274 quique
1238 2203 1279 2250 eo
1295 2181 1432 2251 nimium

248 2301 431 2372 festinatum
448 2303 507 2370 iter
521 2303 724 2392 arripuerant,
739 2321 776 2372 ut
791 2303 912 2372 dictum
928 2321 985 2386 est,
1001 2305 1083 2393 capti
1106 2321 1160 2372 aur
1182 2301 1317 2393 spoliati,
1339 2301 1435 2391 aliqui

249 2419 340 2488 caesi.
386 2417 504 2486 multos
527 2417 666 2486 servavi
687 2419 739 2508 pia
762 2419 871 2488 caritas
895 2418 1084 2486 amicorum.
1128 2419 1222 2508 pauci
1244 2440 1284 2485 ex
1300 2415 1432 2506 captivis

249 2531 423 2604 Mediolani
446 2534 624 2624 consignati
643 2550 740 2617 sunt;
763 2555 840 2602 nam
854 2532 919 2603 fere
942 2556 1056 2604 omnes
1080 2533 1172 2604 celeri
1188 2551 1220 2602 et
1242 2531 1368 2602 modica
1383 2554 1433 2601 re·

156 2663 218 2731 225
248 2647 432 2738 demptione
456 2647 577 2718 dimissi
599 2667 683 2718 sunt.
730 2667 762 2718 at
784 2649 837 2718 ubi
853 2649 985 2740 Papiam
1003 2667 1137 2718 ventum
1160 2669 1218 2732 est,
1237 2648 1346 2719 exules
1362 2649 1432 2718 Me·

247 2762 378 2846 diolani,
409 2781 497 2832 tanta
519 2763 708 2856 repatriandi
742 2787 798 2854 spe
821 2763 970 2848 frustrati,
992 2765 1155 2856 questibus
1178 2765 1290 2836 urbem
1313 2765 1436 2858 replent

246 2901 343 2968 seque
376 2878 519 2968 proditos
549 2879 763 2948 mareschalco
795 2897 921 2964 vocant,
952 2881 1121 2972 ipsumque
1147 2903 1224 2950 auro
1248 2899 1432 2972 corruptum

247 2992 357 3064 dicunt
370 2993 422 3078 (ὓς
444 2995 499 3084 qul
522 3017 597 3064 cum
620 2995 752 3064 victoria
775 2995 806 3064 in
831 3017 928 3064 manu
951 2995 1021 3065 eius
1043 3013 1138 3080 asset,
1160 2994 1276 3066 nullius
1301 2993 1435 3086 pericul-

248 3129 393 3180 metusve
416 3131 544 3180 causam
560 3109 692 3194 habens,
705 3107 875 3200 procedere
893 3109 996 3180 noluit
1011 3129 1120 3180 contra
1138 3111 1257 3192 hostes,
1276 3111 1330 3200 qui
1347 3109 1434 3178 urbis

158 3237 222 3305 ²3⁰
249 3223 368 3314 burgos
390 3225 476 3294 exire
494 3246 562 3294 non
585 3224 754 3310 audebant,
774 3226 877 3294 immo
896 3247 952 3314 per
974 3227 1129 3316 ignavum
1151 3227 1254 3295 scelus
1276 3225 1430 3294 simulans

249 3357 384 3424 metum,
406 3361 466 3408 nos
489 3359 521 3408 et
543 3340 719 3409 exercitum
737 3341 960 3430 honoremque
982 3343 1111 3432 regina
1134 3363 1201 3432 quo
1220 3341 1282 3410 huc
1304 3341 1375 3410 solo
1389 3341 1438 3410 in·

250 3451 390 3522 lortunio
424 3471 535 3522 nostro
569 3455 685 3524 missus
718 3473 776 3538 est,
799 3453 936 3544 prodidit
952 3454 999 3538 (⁸),
1020 3456 1089 3524 sine
1112 3476 1177 3546 quo
1197 3457 1263 3546 ipse
1286 3453 1437 3524 dominus

249 3585 358 3638 noster
375 3589 429 3636 rex
453 3587 486 3638 et
508 3570 614 3638 omnis
638 3572 706 3640 aius
729 3567 825 3639 factio
845 3569 1056 3640 Lomhardiae
1075 3571 1141 3640 iam
1159 3593 1255 3640 suum
1278 3569 1438 3640 habuisset

250 3683 420 3752 intentum.
466 3708 506 3754 ex
529 3685 747 3776 Papiensibus,
767 3708 849 3776 quae
868 3709 947 3776 gens
970 3705 1081 3756 natura
1102 3685 1238 3778 praedae
1262 3685 1354 3756 avida
1377 3707 1436 3770 ast,

301 3879 338 3934 (a)
352 3877 412 3922 ider.
428 3875 524 3935 perdidit

285 4037 407 4110 (ηε...
422 4037 533 4096 Civium
547 4039 823 4114 ruraliumquemtai-
867 4042 958 4099 condo
978 4043 1025 4110 lui,
1045 4043 1227 4100 l'abbandono
1251 4045 1279 4100 di
1306 4061 1360 4100 nna
1387 4045 1439 4100 im-

251 4139 338 4178 ·mae
351 4123 447 4196 copiae
459 4125 665 4182 concurrebant.
701 4124 822 4182 Emaio·
867 4143 944 4201 presa
962 4127 1071 4184 initiata
1089 4144 1142 4184 con
1160 4131 1182 4184 rl
1201 4129 1284 4184 buoni
1304 4131 1414 4202 auspici.

252 4223 337 4262 ctum
355 4206 483 4264 domibus
499 4207 568 4264 Litai
586 4209 620 4264 de
640 4209 737 4282 Biraga
751 4211 821 4282 (ric),
901 4211 945 4282 (a)
963 4211 1242 4284 Ataldusslttomp.
1257 4215 1300 4270 cit.
1315 4213 1368 4269 loc.
1382 4215 1437 4280 eit,

252 4307 345 4346 eunus
355 4289 518 4348 Lantalonts
533 4293 567 4348 de
582 4291 742 4360 Cartilione,
755 4293 823 4350 Gni-
867 4295 1148 4352 resuscitatore
1171 4313 1248 4353 corsa
1272 4297 1381 4354 intorno
1410 4297 1437 4352 al

252 4373 385 4428 clielrnua
396 4373 506 4441 Porrus,
518 4393 551 4430 ea
566 4375 693 4432 Cribellis
705 4377 823 4450 hampu·
866 4379 1029 4436 tradimento
1048 4379 1091 4436 del
1110 4380 1281 4437 mamercus
1296 4381 1324 4437 di
1337 4398 1367 4438 re
1382 4381 1440 4436 Ro·

251 4457 373 4528 «panis
399 4469 427 4514 et
454 4475 469 4514 a
497 4459 587 4516 Cruce
608 4461 733 4517 nonnulli
763 4479 822 4534 pro
866 4464 957 4520 hetto:
977 4463 1030 4522 «Ο
1049 4463 1194 4520 hominum
1209 4461 1295 4520 irrues
1309 4465 1439 4520 innatum·

252 4557 385 4596 «mes».
413 4541 822 4616 Mequeatiprovinciali,come
868 4547 962 4614 «offis,
987 4565 1004 4604 o
1037 4548 1219 4604 immoderata
1251 4549 1439 4624 inexpletaque

251 4623 269 4678 li
284 4624 394 4681 chiama
405 4627 477 4682 Ana.
491 4627 638 4694 Mussaro,
652 4644 698 4702 op.
710 4629 755 4686 cit
768 4629 822 4685 loc.
868 4648 990 4688 «avarae
1024 4633 1123 4686 mentis
1159 4631 1311 4704 ingluvies!
1360 4633 1439 4688 Hanc

250 4707 331 4774 cit,si
341 4711 486 4766 sarebbono
496 4711 822 4784 ritiratipetleeaagerate
868 4715 1003 4788 «Maphei
1017 4731 1112 4771 aurunt
1128 4714 1204 4770 litem
1223 4715 1374 4786 diremisse,
1387 4717 1440 4774 ela·

250 4805 354 4864 pretese
368 4793 413 4850 del
426 4795 598 4852 maresciallo
613 4798 679 4852 dire
692 4797 822 4864 lieberto,
868 4799 955 4854 «dem
979 4799 1029 4856 tibi
1050 4799 1231 4856 mutavisse
1249 4801 1438 4860 mcrebeseens

251 4873 304 4930 alle
324 4877 398 4948 quali
422 4877 483 4934 solo
501 4879 592 4936 (levesi
617 4881 762 4947 attribuire,
781 4897 823 4938 se·
867 4881 1014 4954 «vulgavit
1031 4881 1126 4956 opinio
1137 4903 1161 4938 a.
