3860 5890
460 544 521 594 102
928 543 1171 601 HISTORIA

521 761 640 829 XLVI.
691 761 828 830 «Video
861 761 1010 852 equidem
1034 786 1094 832 vos
1126 786 1162 831 ac
1193 785 1331 852 quorum
1363 762 1511 831 mandata
1541 763 1639 848 fertis,

455 893 600 963 promtos
619 874 746 943 ammos
764 874 880 944 habere
903 895 1014 945 contra
1031 877 1153 962 hostes,
1167 878 1222 967 qui
1241 875 1451 946 Lombardiae
1480 901 1517 946 ac
1540 877 1637 948 totius

455 987 563 1056 ltaliae
586 1007 704 1058 statum
726 989 851 1059 turbare
879 991 1032 1074 nituntur,
1051 993 1169 1082 quique
1187 990 1341 1081 impedire
1363 1009 1512 1081 satagunt
1540 991 1641 1060 nostri

456 1105 541 1194 regis
558 1105 637 1172 iura.
683 1128 797 1174 verum
821 1107 929 1175 omnis
952 1106 1094 1178 conditio
1113 1105 1196 1188 belli,
1214 1107 1399 1197 praesertim
1423 1123 1541 1189 nostra,
1560 1128 1641 1196 quae

452 1217 487 1284 in
508 1235 557 1286 tot
571 1217 605 1274 (⁸)
619 1237 722 1308 partes
740 1219 870 1308 pendet,
887 1221 1025 1310 postulat
1042 1239 1079 1290 ut
1101 1242 1170 1290 non
1187 1221 1288 1290 modo
1310 1220 1424 1306 semel,
1442 1223 1544 1289 immo
1563 1243 1640 1290 con·
1668 1242 1686 1307 5

452 1335 541 1402 tinua
559 1332 743 1402 deliberatio
763 1335 828 1405 fiat.
873 1359 932 1406 nec
955 1337 1031 1427 quid
1055 1336 1216 1426 agendum
1239 1338 1281 1405 sit
1302 1335 1374 1406 heic
1403 1337 1564 1406 terminari
1591 1361 1640 1405 se-

454 1470 565 1516 curum
594 1468 687 1537 puto,
709 1473 784 1518 cum
807 1471 894 1520 nova
915 1450 1059 1541 quotidie
1076 1450 1232 1541 pullulent
1245 1452 1313 1520 iure
1331 1449 1405 1519 belli
1428 1473 1509 1542 quae
1532 1453 1640 1540 paucis

451 1563 570 1632 arbitris
594 1561 835 1634 determinanda
855 1585 939 1635 sunt.
985 1590 1056 1636 raro
1075 1569 1195 1636 etenim
1219 1590 1302 1657 quae
1320 1567 1354 1635 in
1370 1567 1507 1656 negotiis
1522 1565 1640 1636 bellicis

452 1678 505 1747 diu
524 1676 693 1748 deliberata
716 1698 859 1764 manent,
888 1703 983 1750 suum
1005 1683 1180 1751 sortiuntur
1208 1681 1366 1764 effectum,
1396 1681 1510 1770 quibus
1540 1681 1640 1750 multa

452 1797 593 1864 maxime
616 1797 769 1885 temporis
792 1797 956 1866 intervalla
978 1820 1094 1867 nocere
1117 1817 1261 1888 possunt.
1307 1797 1363 1865 fiat
1391 1799 1496 1887 itaque
1525 1819 1640 1866 censeo
1672 1812 1711 1860 10

452 1909 599 2000 frequens
617 1910 801 1980 deliberatio
820 1914 854 1981 in
872 1913 961 1982 factis
977 1913 1105 1997 nostris,
1119 1912 1174 1981 ubi
1196 1913 1230 1982 in
1250 1911 1317 1982 dies
1341 1912 1475 2002 pullulat
1492 1911 1640 2004 frequens

452 2044 483 2095 et
504 2026 627 2095 subitus
651 2051 742 2096 casus
771 2027 854 2096 belli.
898 2047 1060 2117 praeterea
1083 2050 1157 2097 cum
1186 2051 1251 2117 quo
1274 2027 1326 2095 hic
1356 2027 1456 2096 nostri
1479 2025 1544 2095 dux
1568 2025 1639 2094 belli

452 2139 623 2209 consilium
641 2139 789 2231 frequens
807 2140 922 2210 habeat
937 2141 987 2226 (l),
1005 2141 1118 2210 saltem
1136 2164 1239 2211 unum
1257 2165 1297 2210 ex
1314 2141 1506 2231 primoribus
1524 2141 1640 2210 nostris

452 2252 511 2319 sibi
535 2253 677 2324 dandum
706 2274 797 2345 puto,
821 2241 872 2324 'cui
894 2257 1036 2324 maxima
1059 2279 1133 2325 cura
1151 2256 1192 2323 sit
1213 2255 1356 2324 hostiurn
1379 2254 1580 2324 conditiones
1609 2271 1641 2322 et

452 2386 522 2436 acta
538 2371 627 2438 scire.
673 2370 789 2439 hiduo
807 2370 937 2461 plenam
955 2370 1133 2462 exequendi
1151 2387 1343 2461 potestatem
1362 2370 1509 2439 habeant
1555 2392 1640 2438 nunc
1672 2387 1708 2451 15

452 2482 558 2572 itaque
581 2483 674 2552 vobis
692 2507 760 2554 non
778 2485 879 2554 modo
902 2485 1025 2570 utilem,
1040 2487 1144 2553 immo
1166 2486 1379 2553 necessarium
1398 2483 1545 2566 nomino,
1560 2505 1640 2572 quo·

453 2601 539 2666 niam
561 2599 639 2690 quin
658 2619 690 2668 et
712 2623 771 2668 vos
789 2623 920 2670 mecum
937 2603 973 2669 in
995 2603 1153 2670 sententia
1171 2599 1238 2669 sitis
1253 2622 1321 2668 non
1340 2598 1463 2683 dubito,
1481 2600 1640 2667 Matreum

451 2713 571 2782 scilicet
592 2713 837 2798 vicecomitem.
881 2715 1053 2804 quisalius
1079 2714 1322 2782 hostiumfacta
1339 2713 1454 2782 novit?
1498 2713 1569 2802 quis
1592 2713 1640 2779 iu·

451 2826 546 2895 sidias
569 2828 715 2898 hostibus
744 2829 873 2898 tendere
896 2828 1039 2900 studium
1061 2829 1179 2920 ponit?
1222 2829 1275 2899 hic
1297 2829 1510 2920 speculatores
1534 2849 1570 2896 ac
1592 2850 1641 2894 re·

451 2942 645 3013 ferendarios
677 2966 732 3033 per
763 2943 907 3014 bostium
937 2944 1053 3014 domos
1080 2963 1178 3028 tenet,
1208 2945 1260 3013 hic
1283 2963 1473 3013 tractatuum
1496 2961 1641 3032 tempora
1667 2959 1711 3007 20

451 3057 648 3128 executionis
678 3077 832 3148 expectat.
888 3057 1021 3128 demum
1051 3060 1116 3128 suis
1145 3059 1285 3128 vivimus
1318 3058 1418 3128 oculis
1447 3058 1640 3148 quicumque

451 3173 631 3244 Gibellinae
646 3171 793 3244 factionis
804 3197 915 3244 sumus
931 3201 962 3242 u.
1009 3175 1114 3244 cuncti
1130 3175 1289 3244 Francisci
1299 3173 1391 3243 dictis
1403 3173 1639 3254 obmutescunt,

451 3307 483 3358 et
512 3313 594 3380 quae
625 3289 748 3360 dixerat
770 3313 844 3358 uera
866 3312 935 3359 esse
958 3288 1111 3374 fatentur;
1130 3291 1246 3382 quippe
1269 3313 1309 3360 eo
1333 3309 1476 3380 tempore
1500 3290 1640 3358 Matteus

451 3423 640 3473 cunctorum
670 3403 802 3474 exulum
832 3403 1070 3475 Gibellinorum
1101 3406 1214 3474 unicus
1241 3405 1463 3474 reconciliator
1485 3423 1562 3486 erat,
1585 3403 1640 3494 qui

450 3541 533 3587 unus
562 3537 692 3588 cuncus
716 3520 892 3589 amicorum
916 3541 953 3588 ac
976 3519 1140 3588 sociorum
1163 3518 1317 3590 factiones
1340 3538 1375 3616 et
1394 3521 1554 3610 impensas
1582 3540 1640 3608 pro
1667 3533 1708 3602 25

450 3650 538 3722 parte
554 3633 714 3704 Gibellina
728 3635 763 3704 in
781 3634 922 3726 partibus
941 3633 1154 3704 Lombardiae
1169 3653 1246 3706 tuuc
1264 3635 1394 3706 ferebat.
1439 3633 1519 3704 haec
1534 3635 1640 3723 itaque

451 3747 730 3820 cunctilaudamus
740 3749 874 3839 syndici.
904 3772 1013 3819 comes
1021 3751 1193 3820 Vamerius
1201 3749 1286 3819 illico
1294 3751 1383 3819 venit
1395 3748 1435 3819 ad
1445 3749 1640 3820 coenobium

450 3861 583 3934 hamam
609 3865 861 3936 Humiliatorum
887 3867 927 3936 de
949 3865 1177 3936 Vicoboldono
1193 3865 1227 3922 (⁶)
1242 3867 1288 3949 (¹),
1312 3865 1419 3956 ibique
1443 3865 1639 3956 colloquium

452 3977 563 4048 habuit
585 4003 659 4048 cum
679 3981 814 4064 Matte0,
833 4003 944 4050 secum
963 3980 1138 4050 deliberans
1152 3981 1229 4070 quid
1248 3979 1409 4071 agendum
1432 3981 1482 4050 sit.
1528 4004 1640 4050 verum

451 4111 483 4160 et
506 4092 652 4164 hostibus
675 4117 733 4164 sua
756 4095 888 4164 consilia
914 4113 1007 4179 sunt;
1030 4119 1107 4165 narn
1130 4097 1314 4166 Passerinus
1337 4094 1377 4165 de
1395 4096 1425 4164 la
1444 4097 1560 4177 Turre,
1582 4117 1639 4184 po-
1668 4107 1711 4177 30

452 4227 550 4278 testas
581 4210 774 4294 Cremonae,
789 4233 825 4280 ac
842 4211 1034 4280 Guillelmus
1058 4211 1257 4282 Cavalcabos
1288 4236 1362 4282 cum
1386 4229 1473 4302 parte
1496 4211 1535 4280 de
1554 4211 1639 4280 Fon·

502 4447 533 4504 (ι)
547 4447 603 4493 luter
616 4453 692 4504 partes
706 4447 731 4492 t'n
745 4445 817 4502 ihm,-
835 4447 858 4492 in
873 4453 1043 4504 rotpertum
1061 4447 1083 4491 le
1107 4447 1282 4492 Varlantet
1302 4445 1466 4492 lectiones
1546 4446 1641 4504 (bleon-

449 4525 524 4572 sllium
538 4525 739 4584 hebertum,-
755 4527 862 4586 hequent
876 4527 901 4572 ln
926 4527 1104 4573 Varianus
1125 4527 1301 4574 lectiones.
1378 4527 1409 4584 (c)
1425 4527 1473 4581 Bb,
1487 4525 1548 4572 Mra.
1563 4523 1641 4571 Vlbol·

449 4603 509 4650 dono

501 4805 586 4877 (1)ss
611 4809 760 4864 monistero
778 4807 851 4882 degli
870 4807 995 4864 Umiliati
1015 4808 1042 4863 di
1059 4807 1214 4866 Vtholdone
1233 4823 1325 4883 presso
1344 4809 1457 4866 Miltno.
