3860 5890
594 603 619 658 ι.
647 603 705 658 oo
733 599 1048 658 cenurunrn.
1354 601 1414 670 127

224 848 346 898 nomen
376 843 452 908 erat,
488 825 632 898 Maleum
663 843 757 916 atque
791 821 851 892 alio
874 823 963 914 plura
987 841 1087 894 cestra
1117 839 1278 914 ceperunt,
1301 820 1416 914 quibus

224 963 289 1012 mm
319 941 481 1014 Placentia
497 963 596 1034 quun
615 939 725 1012 Laude
747 937 864 1010 crebris
882 937 1128 1022 incursionibus,
1139 987 1242 1008 .....
1255 935 1415 1029 adipsum

223 1059 454 1150 occuptodtm
483 1059 517 1128 in
546 1079 613 1151 quo
637 1055 716 1126 nihil
737 1055 828 1126 dubii
848 1075 988 1148 ponunt,
1012 1054 1098 1124 diem
1124 1071 1244 1126 certem
1262 1071 1416 1124 statuunt.

157 1204 196 1254 ro
222 1199 295 1248 eam
314 1197 432 1266 nempe
456 1173 569 1246 urbem
598 1171 739 1244 mediam
764 1171 927 1266 utriusque
951 1169 1039 1242 ducis
1068 1169 1150 1240 lines
1178 1171 1325 1264 viresque
1344 1169 1417 1240 diti·

223 1315 323 1376 mere,
345 1313 382 1362 ac
399 1313 494 1382 saepe
516 1291 637 1362 mutuis
655 1291 737 1360 iuter
754 1312 789 1360 se
812 1287 958 1358 subsidiis
977 1287 1102 1358 obstare
1125 1287 1246 1358 dolent
1292 1289 1417 1379 utrique

224 1409 320 1500 igitur
334 1405 419 1478 dicu
433 1407 497 1494 die,
511 1407 651 1478 collectis
666 1407 808 1498 equitum
824 1405 1032 1498 peditumque
1048 1405 1177 1490 viribus,
1192 1405 1307 1496 quibus
1331 1405 1417 1496 quis·

223 1547 286 1616 que
303 1525 445 1596 hostium
464 1523 541 1596 urbe
559 1523 653 1614 potiti
671 1545 767 1614 posse
786 1521 873 1592 solus
891 1541 992 1612 putat,
1011 1521 1179 1592 discedunt
1197 1520 1307 1592 domo.
1353 1519 1417 1590 lor·

225 1659 301 1710 tuna
319 1659 439 1722 autem,
458 1639 509 1708 cui
526 1637 669 1710 studium
688 1657 736 1708 est
751 1657 873 1706 vertere
892 1637 1041 1708 ordinem
1063 1636 1157 1708 rebus
1180 1635 1303 1722 datum,
1318 1637 1417 1706 ullum

157 1781 194 1850 ¹5
224 1777 260 1824 ac
276 1757 331 1826 rati
350 1773 425 1824 suot
450 1753 606 1845 Guelphis
622 1755 763 1826 consiliis
775 1753 811 1810 (¹)
828 1753 915 1824 dedit
929 1773 1093 1824 eventum.
1128 1777 1204 1824 nam
1220 1753 1348 1838 Galeas,
1360 1753 1416 1844 qui

224 1870 302 1942 haec
319 1891 432 1942 contra
450 1895 484 1942 se
507 1873 559 1962 agi
576 1871 710 1942 consilia
726 1889 878 1956 senserat,
897 1870 984 1960 prius
1002 1891 1101 1961 qoam
1124 1867 1233 1940 hostes
1255 1869 1316 1940 iter
1343 1869 1417 1938 utri·

222 2005 343 2079 petent,
368 2007 422 2058 aut
440 1987 503 2058 ulls
522 1987 673 2058 veniendi
698 1987 893 2058 Placentiam
910 1987 1003 2076 sigua
1021 1985 1142 2070 darent,
1157 1985 1234 2077 quid
1254 1985 1416 2076 agendum

221 2104 262 2174 sit
283 2103 409 2194 saepiu
429 2103 581 2174 deliberat
603 2127 679 2176 cum
692 2101 939 2174 conesubilibus
952 2126 990 2172 ac
1004 2103 1197 2194 primoribus
1219 2123 1347 2188 eorum,
1361 2103 1418 2193 qui

222 2217 378 2308 praesidio
397 2217 482 2288 urbis
496 2237 660 2290 veneram.
706 2217 829 2290 nullum
845 2217 878 2288 in
902 2239 935 2288 re
953 2235 1020 2288 tem
1042 2216 1140 2289 ardut
1163 2216 1333 2286 cumdium
1349 2239 1416 2286 cer-

153 2357 196 2410 20
223 2353 292 2406 tum
307 2333 399 2426 capit,
418 2333 495 2404 dum
516 2335 549 2408 io
572 2333 718 2404 formose
736 2335 839 2424 magis
857 2333 996 2416 arbitrio,
1016 2357 1114 2424 quatu
1131 2333 1166 2404 in
1186 2331 1280 2404 ullius
1298 2330 1417 2402 delibe-

222 2449 346 2520 ratione
361 2448 485 2522 consilii
500 2447 593 2520 huius
609 2449 654 2518 rei
669 2467 824 2520 eventum
839 2448 1024 2518 existimant
1039 2449 1085 2518 (Β).
1131 2469 1197 2517 uno
1212 2465 1323 2518 tameo
1338 2471 1415 2518 con·

221 2565 294 2634 silio
321 2583 408 2636 certo
430 2583 524 2656 atque
548 2563 739 2634 immutabili
763 2583 867 2656 copto,
891 2563 1010 2636 scilicet
1035 2586 1113 2634 cum
1135 2564 1197 2647 his,
1218 2564 1273 2656 qui
1309 2564 1416 2654 primo

222 2677 331 2750 hostes
355 2699 542 2770 apparerent
559 2679 605 2766 (⁶),
628 2679 852 2772 pugnandum,
874 2701 906 2750 ct
929 2703 1004 2752 cum
1030 2679 1163 2770 singulis
1187 2703 1248 2748 suo
1270 2697 1415 2772 tempore

221 2795 460 2886 potiusquam
490 2819 566 2866 cum
588 2795 741 2868 omnibus
772 2817 893 2868 temere
923 2797 1096 2888 expectatis
1121 2819 1191 2868 rem
1213 2797 1293 2888 geri.
1338 2795 1417 2866 hoec

152 2935 192 3004 25
222 2935 286 2984 uon
313 2933 430 2984 omnes
452 2911 592 2998 laudant,
614 2913 730 3004 quibus
759 2913 887 2986 modica
909 2937 981 3006 spes
1003 2932 1070 2985 erat
1089 2913 1201 2986 urbem
1224 2933 1300 2986 nunc
1327 2913 1416 2984 nullo

221 3050 328 3114 muro,
340 3027 397 3100 sed
419 3027 529 3119 ligneo
544 3029 628 3100 vello
643 3049 674 3100 et
694 3029 808 3102 humili
827 3029 913 3102 fossa
930 3049 1055 3122 septam
1070 3029 1252 3116 defendere,
1269 3031 1296 3100 si
1316 3031 1417 3102 bostis

220 3147 378 3236 impetum
390 3163 559 3235 expectent
570 3143 666 3216 clausi
674 3145 719 3216 (¹).
754 3165 821 3218 erat
834 3165 910 3218 tunc
923 3145 1080 3238 praesidio
1092 3145 1273 3218 Placentiae
1285 3147 1417 3220 thnus

222 3261 261 3332 de
277 3261 389 3334 Cornu
409 3259 584 3334 Laudense
602 3283 643 3332 ex
662 3262 793 3353 unoquo
813 3263 906 3334 exule
924 3263 1124 3354 imperatoris
1140 3261 1299 3334 beneficio
1316 3261 1417 3332 octus

220 3377 310 3460 civis,
334 3395 406 3448 note
429 3378 520 3448 cuius
546 3375 724 3448 adventum
746 3379 780 3448 io
803 3377 928 3448 Italiam
947 3379 1079 3450 thnus
1102 3380 1162 3448 iste
1178 3378 1278 3448 domo
1296 3377 1416 3470 pulsus,

152 3511 194 3584 30
221 3491 253 3560 in
272 3491 380 3560 cestris
398 3491 523 3582 saepius
540 3493 639 3560 vitum
658 3491 791 3582 degens,
807 3491 925 3562 bellicis
944 3491 1062 3566 artibus
1081 3491 1202 3564 clatum
1218 3515 1341 3564 nomen
1359 3493 1415 3564 ha·

221 3607 340 3678 buerat.
387 3607 438 3678 hic
458 3605 647 3700 inpluribus
667 3607 761 3678 buius
777 3609 822 3678 rei
840 3609 1009 3700 colloquiis
1028 3609 1146 3682 Galen
1164 3629 1197 3680 et
1216 3629 1361 3680 caeteros
1377 3609 1417 3680 de

219 3721 355 3794 consilio
369 3720 519 3794 inducere
536 3743 670 3794 conatus
686 3743 744 3808 est,
762 3743 796 3794 ut
810 3725 919 3796 exules
932 3724 1017 3796 urbis
1031 3747 1119 3808 suae,
1131 3725 1187 3816 qui
1203 3749 1260 3816 per
1273 3701 1420 3798 Peduml

221 3839 329 3908 venire
347 3836 591 3923 nunciabantur,
607 3839 730 3908 cunctis
749 3839 878 3910 umetis
897 3839 1033 3912 novibus
1051 3840 1296 3926 incursarentur,
1315 3865 1349 3912 se
1368 3839 1416 3912 ol·
1469 3859 1490 3894 α
1508 3849 1576 3908 neu

219 3951 323 4022 ferens
334 3954 433 4044 ipsius
444 3953 581 4024 insultus
594 3954 722 4038 ducem,
735 3954 814 4025 dum
830 3957 945 4025 veteris
958 3953 1099 4026 offensae
1115 3955 1271 4028 ultionem
1282 3959 1414 4048 quaerit.

151 4089 190 4158 35
218 4069 325 4158 inque
340 4069 447 4140 multis
460 4069 574 4140 frustra
592 4071 626 4139 in
646 4069 781 4140 consilio
800 4071 971 4158 ventiletis,
993 4071 1084 4156 dum,
1103 4095 1223 4164 magna
1240 4075 1304 4144 iam
1327 4093 1416 4164 purte

219 4185 322 4256 noctis
341 4207 543 4276 consumpte,
563 4187 705 4256 hostiurn
725 4189 944 4278 expectatione
964 4187 1097 4280 fatigati,
1116 4207 1151 4258 ut
1169 4208 1328 4280 poterant,
1348 4213 1415 4260 non

271 4395 306 4446 (e)
320 4391 380 4440 Mer.
395 4391 502 4436 Goelficis
517 4393 583 4437 rebus
596 4393 656 4438 dedit
710 4393 747 4450 (b)
753 4393 858 4450 sim.
873 4393 893 4438 B
906 4393 1033 4440 existiment
1086 4397 1122 4452 (c)
1136 4395 1196 4440 Mur.
1213 4403 1319 4454 eppcreot

254 4585 297 4654 (r)
316 4583 368 4638 Per
395 4586 482 4658 questi
506 4585 574 4650 letti,
593 4585 662 4642 ultre
680 4585 706 4642 le
725 4585 794 4642 sonti
840 4583 883 4642 Cf.
903 4585 991 4642 anche
1012 4586 1140 4654 Grcutur,
1159 4603 1204 4660 op.
1220 4587 1263 4644 cit
1283 4587 1318 4654 X,
1336 4603 1380 4656 4ο,
1399 4607 1414 4644 e

219 4668 667 4741 sineronegiteieate,cr.1o.oe
689 4671 793 4730 Mussrs
839 4669 872 4726 C.
898 4669 1050 4738 Pooorntn
1075 4673 1151 4728 Μαη.
1173 4671 1276 4730 conche
1302 4671 1329 4728 cli
1358 4673 1415 4728 Pis·

220 4751 315 4808 Clitore
335 4753 443 4810 Placent
462 4753 535 4820 XVI,
558 4755 619 4826 ⁴⁸9·
653 4753 706 4812 Del
724 4757 794 4811 vict·
838 4771 929 4824 cunzo,
948 4753 1090 4820 Pitccoct,
1112 4769 1188 4826 1759,
1216 4767 1294 4812 tomo
1317 4755 1363 4824 Vl,
1388 4773 1414 4830 p.

218 4837 288 4894 ricto
315 4837 343 4894 di
370 4837 503 4894 l’iaceom
530 4837 558 4894 lu
586 4839 715 4912 insignito
742 4840 794 4898 Ge·
843 4855 888 4908 ¹⁰5
910 4855 1004 4912 esgg.

219 4919 311 4976 loreto
338 4919 462 4978 visconti
481 4921 499 4977 il
524 4923 553 4978 ιδ
582 4925 693 4996 moggio
718 4940 792 4996 ηις.
