3860 5890
512 531 572 597 108
982 542 1229 599 HISTORIA

507 767 607 856 petiit,
623 763 794 853 habuitque
813 785 914 853 usque
934 763 1124 845 Taurinum,
1143 784 1225 852 quos
1239 761 1284 830 ibi
1305 761 1435 830 retinuit
1452 759 1542 828 velut
1560 758 1698 841 obsides,

508 880 611 949 donec
638 880 772 969 pecunia
800 881 849 946 sui
872 878 975 946 salarii
994 877 1053 947 sibi
1076 877 1234 947 destinata
1251 875 1310 946 fuit
1324 877 1370 944 (¹).
1417 879 1451 944 in
1474 875 1590 966 quibus
1616 874 1699 944 obsi·

511 993 604 1064 dibus
622 991 685 1064 fuit
703 992 889 1064 Ricardinus
904 993 949 1061 (²).

576 1111 652 1178 Heio
675 1110 777 1178 desunt
799 1109 914 1198 aliquot
924 1109 1016 1200 folia.
1727 1121 1771 1188 30

507 1223 619 1292 similis
638 1222 706 1292 luit.
752 1223 884 1292 invalidi
907 1247 1000 1292 senes
1023 1226 1172 1292 trementi
1196 1246 1294 1292 manu
1313 1225 1465 1311 cuiusque
1489 1223 1617 1312 generis
1638 1221 1699 1290 tela

509 1340 688 1408 ministrant
710 1339 802 1406 natis.
848 1337 979 1408 tandem
998 1339 1158 1429 oppidani,
1179 1339 1290 1407 ultima
1313 1337 1366 1405 illa
1385 1338 1583 1418 necessitate,
1603 1337 1698 1405 totius

511 1455 607 1523 etiarn
623 1455 785 1543 utriusque
802 1476 895 1522 sexus
910 1455 1014 1544 gentis
1033 1454 1152 1522 viribus
1166 1455 1347 1522 resistentes
1360 1453 1464 1542 primo
1481 1451 1624 1519 hostium
1638 1451 1699 1518 im·

512 1588 586 1659 petu
610 1591 679 1636 sese
702 1591 875 1658 murosque
904 1567 1094 1652 defendunt;
1116 1591 1260 1659 pugnarn
1282 1587 1390 1636 tamen
1414 1589 1482 1636 non
1505 1565 1625 1634 audent
1647 1589 1699 1634 ex·

509 1699 631 1772 pectere
662 1680 849 1765 secundam,
872 1681 928 1750 sed
951 1682 1107 1772 oppidum
1129 1683 1310 1772 imperatori
1337 1680 1458 1750 dedunt
1478 1680 1523 1747 (³).
1570 1699 1698 1770 postero
1728 1697 1767 1762 35

509 1797 560 1865 die
576 1797 616 1865 ad
634 1795 788 1886 oppidum
807 1797 840 1866 S.
859 1797 1013 1866 Iohannis
1029 1799 1129 1882 venit,
1146 1798 1235 1888 quod
1253 1797 1418 1888 captivatis
1438 1817 1500 1864 ott.
1528 1794 1699 1864 Catellanis

509 1909 667 2001 equitibus
691 1911 904 1994 mercenariis,
930 1935 1070 2002 quorum
1092 1912 1293 1982 conestabilis
1320 1934 1428 1980 caesus
1451 1929 1509 1994 est,
1532 1909 1627 1978 salvis
1651 1909 1699 1976 in-

510 2025 598 2108 colis,
617 2024 652 2093 in
670 2024 867 2094 deditionem
885 2046 1049 2116 receptum
1068 2045 1115 2094 est
1129 2026 1174 2094 (⁴).
1220 2045 1252 2095 at
1268 2027 1444 2096 Florentini
1463 2048 1537 2094 cum
1557 2024 1651 2094 sociis
1669 2040 1700 2091 et

511 2139 633 2220 amicis,
663 2161 801 2230 quorum
829 2163 922 2230 supra
951 2139 1033 2210 facta
1051 2158 1099 2208 est
1121 2142 1256 2224 menti0,
1281 2140 1320 2208 ad
1343 2141 1425 2230 ripas
1457 2139 1599 2208 fluminis
1621 2139 1700 2206 Arni

511 2255 603 2325 celeri
625 2279 736 2347 gressu
762 2257 907 2336 tendunt¹
938 2259 1024 2327 iuxta
1042 2260 1195 2328 Ancisam
1215 2257 1370 2348 oppidum
1393 2278 1462 2327 ortt.
1482 2256 1560 2324 mill.
1574 2256 1610 2311 (¹)
1632 2277 1701 2346 pas-
1727 2269 1771 2336 40

511 2392 606 2438 suum
629 2369 789 2441 Florentia
807 2372 990 2456 distantem,
1010 2373 1117 2462 ibique
1136 2375 1278 2442 hostium
1297 2373 1467 2442 transitum
1484 2371 1627 2440 inhibere
1646 2393 1699 2438 co-

511 2504 627 2554 nantur
649 2485 688 2554 ad
706 2509 827 2576 passus.
873 2489 1028 2558 exercitus
1047 2489 1246 2579 imperatoris
1263 2489 1415 2580 Figinum
1433 2489 1546 2572 tendit,
1566 2486 1619 2557 ubi
1634 2509 1701 2556 non

512 2601 647 2691 amplius
670 2625 733 2670 una
756 2619 850 2672 nocte
868 2627 994 2672 moram
1014 2627 1054 2672 eo
1077 2605 1180 2672 traxit.
1225 2626 1321 2672 mane
1340 2602 1414 2672 inde
1437 2605 1496 2671 iter
1517 2603 1641 2691 rapiens
1660 2599 1699 2668 ad

511 2719 636 2784 Arnum
655 2718 752 2800 venit,
771 2740 838 2807 quo
857 2719 1020 2808 integrum
1035 2719 1162 2788 hostem
1177 2717 1324 2809 frequens
1344 2719 1478 2787 nuncius
1493 2719 1560 2784 iarn
1577 2717 1700 2786 venisse

511 2830 650 2912 nunciat,
674 2849 709 2899 ut
726 2833 785 2900 iter
802 2833 1011 2922 imperatoris,
1029 2857 1126 2924 quem
1149 2833 1344 2902 Florentiam
1363 2855 1529 2924 properare
1549 2832 1701 2913 sentiunt,
1728 2845 1769 2910 45

511 2943 551 3012 ad
568 2945 696 3036 iniquos
711 2964 927 3036 angustosque
941 2969 1051 3037 passus
1066 2949 1218 3018 auferant.
1254 2966 1286 3017 at
1301 2949 1355 3018 ubi
1369 2948 1600 3016 marescalchus
1618 2947 1700 3036 regis

512 3058 652 3142 Roberti,
675 3061 730 3149 qui
753 3077 830 3128 tunc
853 3059 1067 3151 Guelphicum
1089 3063 1219 3152 regebat
1241 3063 1427 3147 exercitum,
1447 3081 1578 3152 gentem
1602 3063 1700 3150 impe-

511 3174 623 3243 ratoris
652 3175 902 3264 appropinquare
925 3177 1031 3259 sentit,
1051 3178 1147 3267 signo
1165 3176 1253 3260 dato,
1272 3197 1404 3246 cunctos
1420 3175 1547 3246 ordines
1566 3177 1599 3244 in
1620 3177 1701 3244 acies

512 3287 600 3356 ducit
617 3288 702 3357 haud
725 3290 823 3379 longe
846 3312 864 3357 a
892 3289 1033 3360 fluminis
1056 3292 1133 3382 ripa,
1157 3291 1211 3361 ubi
1241 3291 1384 3360 hostium
1410 3293 1577 3362 transitum
1601 3291 1701 3380 aptius

511 3403 665 3492 impedire
680 3423 785 3494 queat.
832 3429 945 3474 verum
964 3406 1018 3474 ubi
1042 3405 1160 3489 hostes,
1178 3425 1284 3496 spreto
1298 3405 1443 3491 flumine,
1461 3405 1602 3496 undique
1617 3404 1700 3474 facto
1729 3420 1773 3486 50

566 3623 598 3678 (t)
612 3621 673 3668 Mur.
686 3623 714 3668 td
728 3622 837 3670 Ancisem
852 3636 902 3670 att.
917 3624 973 3670 mill.
988 3627 1028 3670 tc.

549 3809 592 3878 (t)
607 3807 650 3862 ct.
665 3807 691 3862 la
707 3809 788 3864 citata
808 3808 925 3866 cronaca
940 3811 967 3864 dl
981 3811 1085 3881 Salutro
1131 3809 1211 3866 stello
1229 3811 1257 3865 di
1276 3811 1370 3867 Monte
1387 3811 1490 3867 Varchi
1503 3811 1642 3866 sull’Amo
1666 3809 1700 3864 da

515 3891 542 3946 di
558 3892 592 3948 G.
604 3893 702 3949 Dstttt
717 3893 825 3950 Curasti
841 3896 868 3948 itt
884 3897 954 3950 Mon.
969 3897 1025 3952 hist.
1036 3905 1086 3968 po·
1130 3907 1205 3968 parte
1232 3895 1305 3969 degli
1323 3896 1455 3969 imperiali
1475 3896 1520 3952 nel
1538 3896 1643 3952 ritomo
1666 3895 1700 3948 da

515 3978 587 4044 triac,
614 3975 662 4044 111,
691 3993 755 4050 949;
780 3979 892 4034 llt'stor'ra
912 3981 1085 4052 glnlalogt'qua
1129 3981 1228 4037 Roma.
1256 3981 1701 4054 cturctomquffimaro,

515 4059 543 4114 de
561 4059 585 4114 la
612 4062 708 4116 madon
725 4061 754 4117 da
779 4061 875 4135 Savoya
892 4079 941 4136 par
969 4063 999 4119 S.
1019 4065 1086 4119 Gur·
1129 4065 1164 4131 V,
1182 4081 1256 4138 ¹¹⁰9·
1290 4066 1341 4120 Per
1360 4065 1386 4120 la
1401 4065 1464 4121 data
1482 4064 1515 4121 cl.
1531 4065 1616 4132 Lruu,
1635 4063 1702 4119 Dali-

515 4159 657 4210 scttauou,
678 4143 775 4212 LIone,
792 4143 868 4212 1660,
883 4164 908 4220 p.
924 4163 935 4216 3
941 4162 974 4216 54
992 4165 1008 4201 e
1023 4165 1083 4220 sgg.
1130 4152 1183 4204 clue
1200 4149 1268 4206 arud.
1287 4149 1432 4216 Florentio,
1456 4165 1531 4220 1740,
1550 4147 1622 4218 vm,
1641 4145 1684 4220 96.

515 4227 702 4284 efinalmente
717 4228 779 4285 Mas
794 4230 901 4286 Lartem
914 4233 1085 4304 (comede),
1167 4237 1208 4304 (4)
1233 4233 1277 4289 Cs.
1302 4234 1364 4290 Ntc.
1389 4234 1489 4302 Bora„
1507 4233 1649 4297 Funntro,
1670 4229 1698 4284 ll.

516 4311 1085 4386 LcrprlocesdeMorlcetd'Aclala(1203·
1132 4335 1172 4373 cc,
1191 4337 1206 4373 e
1229 4318 1263 4374 G.
1284 4319 1415 4384 Vtttnut,
1433 4318 1480 4385 IX,
1505 4332 1589 4372 xttv:
1621 4335 1636 4366 a
1648 4313 1702 4368 Ha·

519 4393 606 4466 1461),
635 4397 763 4464 Venetia,
782 4397 857 4452 1882.
1132 4415 1223 4456 tvuto
1247 4401 1342 4456 Monte
1354 4401 1456 4456 Varchi
1481 4417 1561 4456 santa
1585 4399 1700 4462 dImoro,

550 4481 593 4552 (2)
611 4480 746 4552 Flgliuolo
771 4481 815 4538 del
840 4494 921 4537 conte
945 4483 1086 4556 FIllppone
1133 4505 1148 4534 α
1158 4484 1200 4556 (lo
1215 4485 1390 4556 imperatore)
1403 4501 1490 4540 venne
1504 4495 1590 4538 aoste
1606 4481 1633 4536 al
1647 4480 1701 4535 Ct-

516 4563 542 4617 di
559 4563 710 4636 Langosco.
1133 4587 1147 4616 κ
1159 4567 1208 4622 stel
1222 4567 1250 4622 S.
1266 4567 1412 4636 Glovanni‚
1428 4579 1455 4622 et
1473 4583 1520 4640 per
1538 4565 1702 4638 simIinante

551 4645 594 4718 (3)
613 4649 664 4702 Per
679 4649 704 4703 la
719 4649 868 4706 Insanabile
883 4651 981 4706 lacuna
996 4651 1086 4707 siamo
1133 4669 1148 4700 a
1158 4651 1243 4705 modo
1252 4651 1290 4723 gli
1299 4651 1322 4706 si
1335 4651 1522 4717 amendero,et
1532 4649 1659 4724 ptesonvi
1667 4647 1702 4700 da

516 4729 561 4800 gil
585 4732 708 4787 condotti
726 4733 770 4788 col
788 4747 918 4790 racconto
937 4735 962 4790 al
984 4751 1012 4804 15
1037 4747 1087 4790 set·
1132 4749 1192 4805 ⁸70
1207 4733 1335 4790 cavalieri
1349 4733 1465 4790 catalani
1477 4733 1576 4790 soldati
1590 4732 1632 4787 de'
1644 4731 1702 4786 Fio·

516 4811 620 4868 tembre
642 4829 716 4885 1312,
735 4817 794 4872 ciue
813 4817 959 4874 aIl'assalto
978 4817 1023 4874 del
1041 4836 1086 4873 ca·
1131 4818 1288 4876 «reatini».
