3860 5890
496 562 556 628 142
963 559 1210 619 HISTORIA

492 781 635 849 Soncino
648 803 714 850 non
733 781 871 850 multum
886 783 1057 872 magnifice
1076 784 1217 874 sepultus
1234 803 1281 853 est
1296 809 1312 848 s
1331 783 1378 854 (Ι).
1423 784 1471 852 his
1489 803 1584 873 atque
1600 785 1677 868 aliis,

490 895 604 985 quibus
624 896 836 987 multipliciter
850 899 1027 988 periculum
1041 899 1101 967 sibi
1124 899 1333 968 nunciabatur
1346 901 1380 968 iu
1397 923 1498 984 mora,
1513 899 1594 968 adeo
1609 923 1679 991 per·

492 1034 600 1082 cussus
619 1031 707 1082 metu
726 1013 872 1096 creditur,
896 1033 931 1084 ut
953 1015 1072 1105 absque
1097 1015 1189 1084 ullius
1208 1015 1340 1084 exulum
1357 1013 1583 1085 deliberatione
1602 1037 1675 1107 pro-
1710 1007 1770 1094 185

491 1148 622 1217 poneret
645 1151 754 1197 versus
784 1129 915 1219 Papiam
938 1131 999 1200 iter
1029 1131 1162 1221 arripere
1191 1154 1321 1200 summo
1351 1153 1458 1215 mane,
1480 1153 1584 1220 neque
1607 1131 1677 1214 sibi,

490 1265 690 1334 quorumque
714 1244 850 1315 consilio
874 1244 1051 1336 regebatur,
1070 1269 1164 1316 curae
1185 1245 1245 1315 fuit
1268 1247 1410 1316 nunciati
1428 1269 1589 1316 recessum
1607 1245 1679 1329 illis,

490 1361 544 1448 qui
575 1359 709 1430 Rhaude
732 1361 866 1429 iverant.
912 1359 945 1428 id
968 1381 1035 1429 non
1067 1360 1240 1446 oblivione,
1263 1362 1320 1430 sed
1343 1363 1495 1432 industria
1517 1363 1584 1432 eius
1606 1384 1679 1451 pro-

490 1475 726 1566 vincialumque
757 1477 914 1544 omissum
936 1473 1035 1544 fuisse
1057 1476 1203 1561 creditur,
1226 1496 1261 1548 ut
1291 1480 1396 1568 potius
1426 1501 1535 1548 versus
1567 1478 1679 1546 urbem

490 1591 587 1660 torius
610 1593 765 1660 exercitus
788 1594 983 1662 minarentur
1017 1615 1180 1662 accessum
1203 1611 1236 1662 et
1257 1593 1399 1663 hostium
1430 1595 1555 1664 animos
1583 1595 1623 1663 ad
1645 1618 1679 1663 se
1712 1603 1775 1670 19⁰

491 1725 720 1790 converterent,
739 1709 832 1797 quisi
844 1706 1014 1798 Guelphici
1032 1707 1142 1798 fugam
1155 1709 1309 1778 exercitus
1328 1710 1501 1800 aliqualiter
1518 1733 1680 1800 praesum·

491 1822 615 1904 sissent,
629 1840 664 1891 ut
677 1821 818 1913 pluribus
834 1822 912 1890 loeis
927 1840 1086 1911 poterant,
1094 1822 1252 1913 fugientes
1270 1824 1384 1892 saltem
1395 1824 1436 1892 ad
1447 1821 1527 1893 vada
1538 1823 1678 1893 fluminis

492 1956 709 2029 occupassent.
755 1939 860 2028 itaque
878 1937 1109 2007 mareschalcus
1120 1939 1267 2029 sequenti
1286 1961 1390 2023 mane,
1406 1956 1441 2007 ut
1459 1937 1595 2008 abeundi
1610 1937 1679 2008 ido-

492 2074 588 2120 neam
610 2055 814 2122 occasionem
838 2071 963 2144 caperet
977 2053 1023 2136 (⁸),
1041 2055 1131 2142 quasi
1158 2053 1331 2144 obiurgans
1352 2053 1403 2122 his
1426 2053 1529 2122 verbis
1552 2054 1679 2122 Franci·

373 2240 379 2253 ,
492 2167 641 2238 schinum
661 2169 701 2238 de
719 2170 749 2238 la
768 2170 872 2238 Turre
895 2168 1000 2238 subito
1015 2169 1123 2238 multis
1142 2169 1349 2254 audientibus,
1369 2170 1488 2238 etenim
1507 2168 1605 2238 audiri
1620 2191 1679 2236 vo·
1711 2181 1750 2248 19
1755 2183 1773 2248 5

492 2283 585 2367 lebat,
602 2285 785 2376 aggreditur
799 2286 966 2375 inquiens:
988 2285 1197 2369 «Francisce,
1213 2303 1268 2354 tua
1285 2307 1368 2354 vana
1382 2285 1538 2376 promissa
1553 2303 1679 2373 secutus

492 2421 576 2483 sum,
586 2399 700 2489 quibus
713 2423 765 2468 me
778 2401 915 2470 nimium
927 2398 1091 2470 credulum
1106 2398 1271 2490 prodidisti
1287 2399 1360 2470 nst).
1406 2402 1455 2468 cui
1467 2423 1552 2484 cum,
1568 2425 1585 2466 o
1599 2398 1680 2468 absit

493 2536 545 2582 me
569 2515 733 2584 neminem
751 2514 961 2604 prodidisse»
979 2514 1013 2570 (ι)
1028 2512 1243 2603 responderet,
1266 2515 1497 2585 mareschalcus
1516 2531 1679 2583 ostentans

494 2625 649 2710 cedulam,
681 2651 779 2717 quam
801 2627 861 2695 sibi
884 2627 1128 2696 Francischinus
1157 2627 1273 2718 Papiae
1297 2627 1442 2698 dederat:
1461 2653 1478 2694 u
1504 2627 1559 2697 ubi
1580 2650 1677 2710 nunc,

495 2741 608 2830 inquit,
622 2743 777 2832 promissa
792 2743 968 2811 amicorum
982 2741 1120 2811 subsidia
1134 2741 1206 2810 heic
1220 2761 1340 2826 notata,
1355 2765 1437 2832 quae
1455 2741 1547 2811 nobis
1561 2743 1679 2811 intran-
1709 2755 1780 2804 200

494 2855 579 2924 tibus
598 2856 846 2926 Ambrosianum
866 2880 979 2948 agrum
998 2880 1162 2927 occurrere
1180 2855 1383 2927 debuerunt?
1427 2856 1482 2927 ubi
1499 2856 1621 2926 nobiles
1639 2858 1680 2926 de

495 2973 609 3062 Birago
628 2996 703 3041 cum
718 2972 842 3042 duobus
857 2974 996 3044 millibus
1015 2974 1237 3044 armatorum?
1281 2973 1335 3043 ubi
1353 2975 1397 3044 illi
1421 2973 1460 3044 de
1480 2973 1679 3056 Castilliono,

495 3109 576 3176 quos
600 3087 759 3178 Seprieusi
777 3111 873 3178 pago,
892 3090 926 3158 in
948 3112 1154 3179 quesumus,
1177 3088 1336 3158 dominari
1355 3089 1481 3158 dicitis?
1525 3088 1579 3158 ubi
1602 3111 1679 3157 con·

495 3200 630 3272 fluentes
649 3204 743 3271 amici
762 3203 868 3285 vestri,
887 3225 1025 3294 quorum
1039 3202 1241 3273 multitudine
1261 3203 1346 3272 urbis
1361 3205 1370 3295 l
1385 3204 1516 3272 moenia
1528 3203 1680 3292 superatis

494 3318 615 3387 civibus
645 3319 864 3409 occupentur?
910 3317 963 3388 ubi
983 3340 1123 3389 caeterae
1142 3320 1287 3388 nationes
1306 3319 1452 3388 factionis
1475 3337 1597 3388 vestrae
1621 3318 1680 3387 hac
1709 3330 1777 3399 205

494 3431 606 3502 cedula
628 3433 787 3524 scriptae?
812 3461 828 3498 s
859 3433 905 3502 (θ).
951 3452 1028 3503 urnc
1051 3433 1293 3504 Francischinus
1322 3433 1536 3504 mareschalco
1559 3433 1680 3522 inquit:

501 3549 654 3618 «multos
673 3551 849 3618 amicorum
877 3548 917 3616 ad
945 3571 1004 3618 vos
1024 3551 1187 3618 venientes
1211 3550 1332 3619 vidistis
1355 3550 1522 3639 pluresque
1546 3548 1681 3639 promis·

494 3664 594 3733 sionis
624 3687 759 3734 numero
781 3665 921 3748 venient,
945 3664 971 3734 si
995 3663 1175 3755 proceditis,
1198 3683 1234 3734 ut
1263 3666 1402 3755 cupiunt,
1425 3687 1534 3734 versus
1557 3663 1679 3733 urbem.

546 3912 581 3968 (a)
595 3911 656 3958 liar.
670 3919 785 3970 quaereret
838 3913 875 3974 (b)
889 3913 949 3958 Mur.
965 3909 1080 3968 pudldirti
1106 3911 1141 3956 La
1154 3911 1288 3970 correqlmoe
1300 3910 1314 3956 ὲ
1327 3911 1384 3958 aaa
1398 3912 1474 3958 anche
1487 3910 1551 3956 dalle
1566 3910 1682 3956 Varias·

494 3997 535 4038 tet
555 3993 704 4038 rectiones.
756 3994 867 4051 (efflue.
881 3991 1003 4050 perdidisse
1027 3993 1098 4040 laem.
1141 3993 1178 4051 (d)
1192 3993 1253 4039 Mur.
1267 3991 1355 4040 civibus
1368 3993 1520 4052 occupentur?
1545 3991 1682 4038 tuncFran·

494 4069 608 4118 ciachlnua
638 4071 711 4117 Idem.

531 4286 573 4356 (1)
592 4284 682 4340 Corne
697 4285 743 4356 gia
758 4285 893 4340 avvertiva
906 4284 926 4339 il
939 4284 1066 4351 Grutnu,
1111 4283 1235 4358 gibaldo:
1255 4305 1271 4336 e
1282 4297 1310 4342 ut
1329 4297 1422 4358 postea
1439 4302 1502 4340 curn
1521 4283 1682 4340 referentem

496 4385 541 4442 op.
560 4369 604 4426 cit.
623 4369 657 4436 X,
674 4384 718 4442 49,
742 4385 798 4424 non
817 4373 871 4442 pub
890 4370 1011 4425 mettersi
1038 4369 1066 4424 in
1113 4369 1263 4424 «audivi».
1300 4369 1351 4436 Ne,
1363 4385 1411 4442 per
1425 4369 1578 4425 dissuadere
1593 4367 1612 4424 il
1627 4385 1684 4424 ma·

495 4453 596 4510 dubbio
611 4454 663 4509 che
677 4467 773 4526 questo
791 4453 929 4528 colloquio
943 4466 985 4510 tra
998 4453 1067 4510 frate
1111 4453 1237 4510 resciallo
1256 4453 1318 4509 dall’
1329 4455 1455 4526 impresa,
1470 4456 1525 4528 pub
1544 4453 1682 4510 sembrare

497 4537 656 4612 Singibaldo
679 4537 713 4594 da
729 4537 928 4612 Lampugnano
947 4539 994 4594 eil
1013 4555 1068 4594 ma·
1110 4539 1294 4611 inopportuno
1312 4537 1331 4592 il
1349 4537 1467 4605 ricorde,
1490 4535 1541 4592 che
1566 4537 1595 4592 in
1618 4535 1683 4609 quel

495 4621 621 4677 resciallo
644 4621 688 4676 del
712 4639 741 4678 re
769 4623 794 4678 di
823 4621 923 4696 Napoli
942 4620 1066 4678 Tornaso
1112 4621 1250 4695 colloquio
1268 4619 1364 4678 leeeil
1388 4619 1586 4694 Lampugnano
1609 4618 1683 4675 della

497 4719 577 4762 conte
596 4707 623 4762 di
642 4706 779 4781 Squillace
807 4723 863 4762 non
882 4707 960 4762 abbia
984 4720 1067 4763 avuto
1111 4703 1219 4761 infelice
1232 4719 1305 4760 sorte
1320 4705 1347 4760 di
1361 4704 1488 4761 Eraclino
1500 4705 1683 4772 daRomtno,

497 4789 596 4862 luogo;
609 4789 629 4845 il
641 4791 675 4848 C.
685 4795 710 4846 cl
720 4791 837 4847 assicura
852 4791 978 4846 d'averne
994 4791 1068 4848 udita
1111 4789 1247 4846 batturoa
1266 4789 1390 4846 cusano
1409 4789 1558 4846 sulPAdda
1601 4801 1606 4818 ‘

497 4873 524 4930 la
537 4873 672 4930 relatione
681 4875 755 4931 dallo
765 4887 852 4931 stesso
865 4875 997 4930 cavallere
1010 4874 1069 4930 Slu-
