3860 5890
645 525 664 578 1.
693 523 751 580 nn
779 523 1093 580 cnnnnutrn.
1383 529 1425 596 97

238 771 325 832 nere,
336 747 387 816 die
399 747 505 838 primo
518 745 595 814 maii
604 745 782 814 Viterbium
795 747 883 814 venit
892 745 939 828 (¹),
950 743 1069 814 multos
1083 743 1305 836 Guelphorum
1316 767 1426 836 passus

239 861 448 932 incustoditos
471 863 638 943 transiens,
657 859 760 928 multo
776 879 885 928 tamen
904 861 1086 928 mortalium
1107 859 1213 929 labore
1228 859 1340 928 frustra
1355 883 1426 929 mu·

239 979 333 1045 nitos.
379 975 566 1044 Grosetinns
581 975 590 1064 Ι
606 975 694 1042 enim
708 973 875 1064 Guelphus
891 971 931 1042 ad
941 973 1036 1042 vicini
1049 973 1189 1042 fluminis
1203 974 1315 1064 ripam,
1328 997 1426 1064 quem
1475 995 1496 1030 c·
1513 981 1571 1028 ¹⁶⁶·

239 1093 329 1160 timet
348 1089 521 1160 aduentum
539 1092 623 1182 regis
646 1090 815 1181 plusquam
838 1107 986 1172 mortem,
1010 1111 1045 1158 ut
1068 1089 1257 1172 minabatur,
1273 1089 1427 1158 hostiliter

151 1209 207 1293 185
238 1205 367 1274 obviare
385 1229 453 1276 non
475 1205 571 1276 audet
588 1205 642 1274 ubi
661 1205 892 1294 quinquaginta
910 1208 1043 1274 retinere
1066 1205 1244 1296 potuissent
1259 1203 1426 1296 plusquam

239 1321 385 1390 millenos
400 1323 416 1360 ⁸
432 1323 478 1390 (²).

305 1437 394 1505 Haec
413 1435 478 1520 ubi,
494 1435 709 1526 praesentibus
734 1433 954 1518 cardinalibus,
969 1435 1024 1524 qui
1047 1453 1123 1504 tunc
1138 1457 1259 1518 secum,
1278 1437 1426 1504 nunciata

236 1567 310 1616 sunt
322 1549 400 1638 regi,
415 1549 543 1616 illicoin
559 1548 655 1638 plano
667 1569 782 1638 campo
793 1563 893 1616 castra
907 1547 1001 1616 locari
1014 1547 1123 1630 iussit3
1140 1545 1265 1630 deinde,
1279 1547 1425 1636 proxima

237 1685 351 1732 aurora
367 1663 441 1746 diei,
452 1664 553 1754 signis
572 1663 766 1746 canentibus,
781 1663 815 1731 in
834 1663 917 1732 acies
929 1683 1023 1732 vocat
1045 1681 1139 1752 atque
1157 1663 1282 1730 instruit
1293 1681 1424 1751 gentem

148 1799 209 1866 190
235 1799 337 1848 suam.
376 1777 547 1848 cardinales
573 1799 662 1860 vero,
677 1777 731 1846 ubi
751 1777 976 1848 Germanicam
996 1795 1119 1867 gentes,
1138 1777 1233 1865 raptis
1251 1775 1421 1844 confestim

235 1894 335 1984 signis
347 1913 379 1964 et
395 1897 500 1978 armis,
516 1895 612 1964 citato
628 1895 758 1984 agmine
777 1893 907 1984 aggredi
926 1915 1035 1962 veram
1050 1892 1161 1962 urbem
1176 1891 1297 1974 vident,
1313 1915 1422 1980 regem

234 2008 416 2077 tracrnibus
435 2027 528 2098 atque
546 2009 611 2078 suis
631 2007 909 2078 intercessionibus
924 2004 1112 2097 fatigatum!
1126 2025 1220 2096 atque
1239 2007 1283 2074 ira
1301 2006 1424 2075 fortiter
1470 2049 1492 2084 ς,
1511 2041 1574 2098 ¹⁶7⁴

235 2141 395 2192 mutatum
422 2121 461 2192 de
485 2145 599 2212 campo
623 2123 775 2192 abeuntes
798 2123 946 2212 linquunt
958 2123 1004 2190 (ι).
1050 2139 1082 2188 at
1103 2143 1160 2190 rex
1186 2143 1358 2212 properans
1382 2121 1421 2190 ad

233 2257 379 2326 pontem,
397 2259 472 2306 cum
489 2261 555 2328 quo
571 2237 614 2306 ibi
629 2239 737 2306 avidas
760 2259 887 2328 pugnae
907 2257 1021 2305 manus
1039 2235 1192 2318 conserat,
1211 2235 1339 2306 bostem
1355 2261 1422 2308 non

144 2373 203 2438 ¹95
234 2351 377 2432 invenit3
404 2373 517 2420 vnum
542 2373 602 2420 nec
631 2350 670 2420 ab
701 2351 793 2420 hoste
815 2351 964 2420 transitus
992 2349 1119 2422 relictus
1141 2371 1189 2420 est
1218 2369 1303 2422 totus
1334 2351 1420 2422 liber.

232 2489 310 2534 nam
333 2485 407 2534 ante
435 2467 519 2556 regis
541 2467 709 2534 transitum
738 2465 920 2536 laciendum
940 2465 1196 2536 Colonnensium
1227 2467 1317 2538 locus
1344 2487 1419 2552 erat,

232 2603 329 2672 quem
355 2581 470 2670 vulgm
493 2597 605 2650 natura
632 2583 708 2650 satis
737 2599 769 2648 et
791 2581 995 2672 antiquomm
1025 2603 1094 2650 arce
1121 2583 1284 2652 munitum
1307 2583 1421 2673 Trepi-

231 2719 348 2766 zonem
362 2697 397 2752 (⁸)
411 2697 445 2752 (⁴)
457 2697 613 2778 nominat,
637 2715 669 2764 et
696 2695 929 2766 Saracenorum
955 2717 1036 2786 opus
1066 2721 1138 2766 esse
1155 2695 1287 2767 dicebat
1333 2697 1419 2768 bunc

231 2809 339 2880 looam
370 2809 489 2892 hostes,
512 2809 645 2880 durante
671 2809 839 2880 obsidione
873 2813 990 2900 pontis,
1021 2813 1206 2902 proximum
1229 2831 1419 2904 occuparant

138 2943 203 2990 aoo
231 2949 268 2994 ac
286 2927 444 3016 praesidio
466 2947 660 2996 morum
678 2927 847 3018 praecipue
868 2929 1104 3017 sagittariomm
1119 2929 1156 2984 (l)
1177 2927 1319 3018 plenum,
1343 2953 1417 2998 cum

282 3201 313 3256 (a)
327 3199 378 3256 As,
392 3197 440 3254 AB,
455 3197 503 3256 st,
519 3197 579 3246 Me.
594 3197 749 3258 emptionem
802 3199 837 3258 (b)
849 3197 893 3244 As
906 3199 1020 3258 saginantl

229 3437 409 3511 «Stephanos
427 3439 461 3494 de
480 3437 628 3506 Columna,
649 3441 694 3512 qui
713 3451 754 3496 est
771 3439 800 3494 in
845 3439 864 3494 il
891 3455 987 3512 passos
1025 3437 1164 3496 «Deinde
1192 3455 1254 3495 cnm
1282 3439 1416 3496 exercitos

230 3523 324 3578 edicta
348 3523 457 3578 civitate
476 3523 608 3588 Plantam,
627 3523 742 3580 intendit
758 3541 800 3578 re·
847 3527 944 3596 «regis
977 3524 1046 3580 adeo
1076 3523 1260 3596 processisset,
1293 3537 1323 3578 tat
1358 3541 1414 3580 non

228 3607 799 3680 egemipsutnpreccdere,etRotnaman·
844 3609 930 3683 «plus
948 3623 1004 3664 .xn.
1024 3607 1143 3663 millibus
1161 3625 1289 3682 passuum
1305 3609 1415 3664 distaret

227 3692 373 3746 «tevenire
391 3691 449 3747 sine
468 3693 598 3765 temporis
619 3691 762 3746 intervallo
774 3713 796 3748 s.
843 3695 902 3748 «ab
922 3694 1004 3758 Urbe,
1023 3691 1171 3748 retulerunt
1186 3693 1306 3766 episcopi
1324 3709 1415 3766 supra·

261 3773 303 3844 (r)
324 3773 353 3830 ἱ·
360 3775 498 3830 itinerario
517 3775 559 3830 del
576 3775 687 3848 viaggio
702 3777 729 3830 di
744 3775 797 3830 En·
842 3797 857 3828 s
868 3777 931 3832 dicti
941 3775 1000 3830 duri
1010 3787 1090 3847 atquc
1103 3773 1275 3831 inexorabilis
1284 3791 1413 3849 responsa

224 3857 283 3913 rito
302 3858 352 3913 Vll
367 3858 403 3914 da
417 3859 478 3914 Pisa
491 3874 508 3913 a
520 3859 609 3916 Roma
624 3861 649 3914 ci
661 3863 677 3914 ὲ
689 3859 798 3914 serbsto
843 3859 998 3916 «lobannis
1027 3859 1191 3928 mandantis,
1204 3861 1287 3933 qaod,
1305 3859 1369 3917 iicet
1396 3878 1412 3916 a

224 3941 269 3997 dai
288 3943 384 3998 codice
407 3943 433 3998 di
456 3942 606 4010 Coblenra,
630 3943 663 3998 ed
685 3943 738 3997 eil
757 3959 797 3998 se·
843 3945 999 4018 «principio
1024 3947 1141 4001 eminet
1165 3945 1259 4002 aridus
1286 3947 1412 4002 exhibere

224 4039 338 4096 guente:
361 4025 467 4080 «Vadit
492 4025 564 4096 (rea)
583 4043 631 4098 per
658 4025 795 4098 Rasegon,
842 4029 1045 4086 «reverentiam
1058 4029 1411 4102 ethonorernregi,tamcn

225 4108 372 4181 «Bybone,
396 4109 543 4182 Campillo,
573 4107 733 4176 Castelhon,
760 4109 795 4164 A·
842 4113 1051 4186 «postmodum,
1059 4125 1164 4170 monto
1173 4115 1313 4187 proposito
1323 4113 1411 4170 fratris

225 4209 332 4266 equam
360 4193 493 4260 Grosseti,
516 4193 691 4266 Admelyam,
715 4193 794 4248 Mon·
839 4197 915 4264 esui,
934 4201 1011 4254 cuius
1029 4201 1157 4254 mandata
1175 4199 1302 4271 sequitur,
1317 4199 1411 4254 nititur

224 4277 306 4342 «tait,
333 4277 627 4351 trementemque
650 4277 684 4334 de
708 4277 793 4333 neta·
838 4283 958 4354 «etipse
973 4281 1079 4356 publice
1092 4299 1123 4336 at
1137 4293 1259 4355 potenter
1273 4281 1409 4338 offendere
1533 4319 1540 4334 .

224 4363 354 4417 «nolles.
837 4365 928 4420 «totis
945 4367 1045 4422 viribus
1064 4367 1153 4440 ipsunt
1172 4377 1200 4422 et
1217 4377 1328 4438 gentem
1342 4367 1407 4423 eius

257 4449 300 4518 (a)
320 4445 469 4502 Lalacnna
484 4447 559 4502 enei
577 4446 630 4502 dne
648 4463 722 4514 nass,
737 4463 791 4514 ma,
838 4447 939 4504 «ilaec
956 4465 1023 4504 vero
1047 4450 1102 4518 obi,
1119 4449 1302 4524 praesentibus
1323 4451 1408 4507 cardi-

222 4547 302 4586 terne
321 4547 465 4584 osservava
486 4531 505 4584 il
528 4523 792 4598 Donatum,'iiritilr
838 4531 975 4600 «nanus,
993 4534 1039 4606 qui
1063 4549 1157 4589 secum
1184 4545 1268 4600 erant,
1286 4533 1407 4590 nuntiata

220 4614 263 4670 der
292 4613 405 4684 Quarta,
433 4632 459 4687 p.
489 4629 548 4680 tot,
573 4615 601 4670 in
631 4627 705 4682 nota,
735 4619 790 4689 pub
837 4617 999 4688 emeregi
1018 4619 1102 4674 dre».

221 4715 309 4752 essere
321 4699 467 4754 mmndd
479 4697 563 4770 luogo
573 4699 617 4756 del
629 4701 722 4756 aron.
733 4700 790 4756 Me-
869 4703 913 4772 (l)
928 4699 972 4758 Cb
988 4701 1052 4758 Nrc.
1067 4701 1157 4758 Bon.
1172 4699 1233 4774 916.

220 4781 281 4838 citet
292 4782 319 4836 di
330 4782 360 4838 Β.
371 4781 507 4848 nonen.
518 4783 551 4848 11,
562 4799 589 4848 x,
608 4799 681 4854 ιιος.
716 4785 789 4840 Ecce
869 4785 914 4856 (⁴)
933 4785 972 4842 [ι
991 4786 1079 4842 sicera
1097 4787 1253 4842 corresione
1268 4786 1295 4842 di
1312 4784 1407 4840 «Trn-

327 4903 343 4949 t.
357 4905 387 4950 ds
402 4903 544 4950 mre.
1286 4921 1299 4968 7
