3860 5884
597 582 624 638 1.
655 581 712 638 os
741 581 1060 640 cerussata.
1386 583 1425 652 55

163 825 201 874 ro
228 807 303 880 mali
327 807 501 900 iniustique
524 807 644 878 doloris
667 807 815 898 angustia
844 805 1040 890 stimulante,
1072 825 1178 880 toturn
1207 829 1242 876 se
1267 804 1429 890 dilacerat,

228 945 260 998 et
282 949 300 996 e
323 923 452 1016 specula
471 925 506 981 (¹)
524 925 676 1015 prospicit
695 923 890 996 Theutouos
904 921 1016 1014 rapido
1036 925 1202 996 venientes
1222 947 1315 996 cursu
1334 923 1380 994 ll).

295 1040 438 1110 xxvn.
486 1037 648 1112 lohannes
663 1039 769 1130 itaque
784 1039 819 1096 (θ
832 1037 873 1108 de
892 1039 922 1110 la
935 1039 1064 1122 Calcea,
1079 1061 1179 1132 quem
1193 1061 1288 1130 supra
1303 1061 1430 1110 memo·

228 1157 306 1240 ravi,
318 1154 435 1226 deinde
450 1156 609 1226 Hernicus
619 1157 658 1226 de
673 1155 819 1226 flandria
831 1156 915 1246 regis
930 1155 1149 1238 marescalcus,
1155 1156 1249 1246 primi
1260 1155 1300 1224 ad
1312 1155 1430 1224 tumul·

228 1293 311 1358 tum,
328 1297 396 1342 non
412 1273 447 1330 (ὅ)
467 1295 585 1364 magna
604 1275 749 1364 equitum
767 1273 777 1362 Ι
793 1295 902 1354 manu,
922 1273 1067 1356 veniunt,
1085 1291 1117 1342 et
1135 1271 1294 1364 porticum
1313 1291 1346 1342 et
1364 1271 1430 1362 pla·

229 1409 315 1460 team
339 1388 448 1460 Sancti
478 1387 596 1458 fidelis
630 1387 725 1458 celeri
758 1405 924 1458 transeunt
955 1411 1076 1477 gressu.
1147 1411 1271 1472 vemm,
1298 1389 1331 1456 in
1360 1389 1430 1477 ipso

183 1519 199 1586 5
230 1507 405 1576 Vastorunt
422 1503 508 1574 aditu
529 1503 691 1595 capientes
715 1527 876 1596 campum,
896 1505 1012 1574 sistunt
1029 1503 1179 1596 gradum,
1198 1503 1306 1594 ibique
1325 1503 1359 1574 in
1379 1503 1432 1572 ad·

231 1641 322 1692 versa
336 1621 509 1692 Vastorum
528 1639 628 1710 parte,
641 1619 857 1712 frequentibus
872 1621 1051 1710 conspectis
1070 1619 1227 1704 hostibus,
1248 1621 1281 1690 ln
1300 1619 1430 1710 agmine

231 1759 300 1808 sese
328 1755 460 1828 cogunt,
495 1737 638 1827 dumque
652 1736 687 1794 (⁹)
719 1737 868 1828 utrinque
891 1735 996 1808 subita
1027 1737 1227 1806 venientium
1262 1755 1432 1828 expectant

230 1851 379 1936 subsidia,
398 1876 439 1924 ex
458 1852 643 1922 Theutonis
660 1854 753 1942 pauci
770 1875 845 1922 cum
864 1851 982 1924 balistis
1006 1853 1116 1936 tensis,
1131 1853 1200 1922 sive
1213 1873 1350 1938 suamet,
1364 1853 1432 1924 sive

230 1992 364 2040 suorum
376 1970 501 2042 licentia
510 1969 680 2052 ducum,in
689 1969 834 2040 medium
845 1969 1005 2061 prodeunt
1018 1969 1170 2038 adversus
1180 1969 1323 2040 hostium
1335 1971 1433 2060 sagit·

164 2095 203 2144 10
230 2107 332 2158 tantes
347 2087 383 2144 (ἴ)
395 2085 541 2178 globum.
588 2109 635 2170 ac,
654 2106 690 2158 ut
704 2085 751 2171 fit,
763 2089 797 2156 in
812 2086 970 2178 frequenti
982 2088 1103 2156 civium
1122 2087 1252 2180 agmine
1264 2089 1311 2171 (Ι),
1324 2087 1433 2178 paucis

230 2203 353 2274 volatili
367 2202 452 2272 ferro
462 2203 552 2274 tactis
564 2203 611 2286 st),
625 2201 748 2274 subitus
763 2227 864 2294 pavor
880 2227 943 2274 una
952 2225 1068 2273 omnes
1083 2201 1198 2274 turbat.
1244 2204 1363 2296 itaque,
1374 2227 1434 2272 vo·

231 2319 324 2390 latills
342 2317 415 2390 fetri
437 2319 615 2412 periculum
636 2319 802 2392 modicum
818 2319 969 2392 Turriani
988 2319 1087 2391 vitare
1106 2319 1311 2404 volentes,in
1330 2339 1434 2390 extre·

231 2459 319 2506 mam
336 2434 467 2506 bellicae
487 2434 585 2506 cladis
595 2455 718 2508 sortem
733 2455 844 2538 ruunt.⁸
882 2459 958 2505 nant
972 2433 1049 2506 dum
1070 2461 1109 2506 ex
1124 2455 1234 2526 aperto
1251 2455 1283 2506 et
1295 2437 1434 2509 nimium

230 2553 351 2645 patenti
368 2551 492 2644 sagittis
512 2551 597 2636 loco,
616 2571 690 2643 post
713 2553 872 2643 templum
895 2553 930 2624 S.
954 2551 1119 2624 Benedicti
1139 2555 1174 2608 (¹)
1194 2553 1323 2626 sinistro
1346 2555 1434 2626 lateri

164 2674 200 2743 ¹5
231 2671 416 2761 proximum
439 2668 590 2739 reducere
613 2691 683 2738 sese
712 2669 839 2752 volunt,
863 2667 917 2738 ubi
942 2670 952 2761 Ι
971 2666 1112 2760 undique
1143 2689 1379 2760 praecurrentes
1397 2671 1434 2728 (Ι)

231 2803 396 2878 expectare
416 2787 514 2856 tutius
533 2787 639 2858 visum
663 2803 722 2870 est,
738 2785 904 2860 Theutoni
925 2807 982 2860 eos
1000 2783 1112 2876 lugete
1131 2787 1200 2872 rati,
1221 2787 1324 2860 citatis
1344 2789 1434 2880 equis

232 2927 269 2974 ac
299 2902 426 2974 nudatis
454 2901 597 2986 ensibus,
626 2903 783 2974 nudatum
807 2903 928 2994 clypeis
951 2904 1115 2976 incursant
1148 2902 1317 2976 dextemm
1340 2905 1433 2990 latus,

232 3041 353 3112 eosque
377 3017 505 3092 turbant
528 3017 694 3092 accubito
716 3019 749 3090 in
773 3043 883 3092 veram
907 3017 1019 3112 fugam
1046 3039 1185 3092 vertunt.
1243 3021 1286 3094 ibi
1316 3045 1435 3114 magna

232 3135 377 3226 peditum
394 3155 516 3226 strages
538 3133 607 3208 luit.
651 3135 838 3206 Franciscus
861 3154 893 3204 et
916 3135 1033 3208 Simon
1052 3133 1162 3207 fratres
1185 3137 1253 3229 (et)
1273 3136 1434 3208 Guidonis

160 3254 204 3304 ²⁰
232 3249 300 3334 filii,
318 3273 396 3322 suae
415 3251 524 3320 salutis
541 3251 645 3342 magis
667 3273 767 3342 quam
786 3251 967 3342 languentis
986 3253 1020 3322 in
1039 3251 1124 3324 lecto
1139 3254 1236 3343 patris
1260 3275 1434 3335 memores,

233 3366 273 3438 de
296 3366 448 3450 tumultu,
468 3367 556 3438 cuius
576 3385 722 3438 auctores
741 3365 877 3452 fuerant,
895 3369 997 3438 citatis
1016 3369 1118 3460 equis,
1135 3390 1210 3438 cum
1228 3369 1347 3460 paucis,
1364 3392 1434 3440 sese

232 3483 432 3568 subtrahunt,
452 3503 484 3554 et
501 3507 557 3576 per
573 3483 726 3574 braydam
744 3485 875 3570 Guerci,
894 3483 948 3555 ubi
964 3484 1117 3576 phalerati
1137 3487 1275 3556 vectoris
1287 3487 1336 3556 sui
1355 3509 1434 3576 pen·

233 3599 341 3672 deotia
355 3619 476 3672 resecat
487 3619 582 3692 atque
594 3600 669 3672 iacit
683 3623 740 3670 sua
754 3601 890 3692 quisque
902 3601 987 3692 picta
1005 3618 1094 3692 terga
1109 3600 1214 3684 botis,
1226 3601 1338 3671 inutile
1350 3624 1434 3672 onus

233 3715 340 3806 fugae,
359 3739 415 3806 per
431 3717 605 3806 pusterlam
624 3717 733 3786 Sancti
755 3717 855 3786 Marci
871 3717 906 3772 (⁸)
926 3715 1002 3788 urbe
1022 3737 1152 3802 exeunt,
1172 3735 1205 3786 et
1224 3717 1347 3786 Montis
1367 3716 1433 3788 Or·

161 3833 202 3902 ²5
232 3833 341 3925 pisani,
364 3831 456 3902 fessis
478 3835 580 3923 equis,
603 3852 706 3904 tutam
730 3855 837 3904 arcem
862 3851 986 3924 petunt,
1009 3857 1047 3904 ac
1074 3835 1189 3904 caeteri
1212 3835 1349 3926 equites,
1371 3857 1434 3926 qua

232 3951 365 4040 quisque
390 3969 531 4032 venerat,
556 3969 610 4020 aut
632 3971 696 4041 qua
718 3947 845 4020 liberior
866 3953 1068 4042 paratiorque
1093 3950 1170 4040 luga
1193 3951 1261 4018 visa
1284 3969 1343 4034 est,
1362 3975 1436 4020 eva·

233 4064 313 4136 dunt
326 4065 371 4138 ll).
382 4067 393 4156 Ι
406 4065 556 4140 Rizardus
569 4085 678 4140 tamen
693 4085 725 4138 et
737 4066 902 4158 Philippus
913 4067 953 4138 de
966 4069 1181 4152 Pettasancta,
1192 4067 1270 4138 dum
1282 4071 1434 4160 ingruen-

285 4291 453 4348 (ulutatus
471 4303 495 4335 te
509 4289 642 4336 dilacerate
660 4291 753 4350 speculo
834 4291 867 4346 lb}
883 4291 923 4338 Bb
938 4291 1053 4340 veoleutea
1071 4304 1129 4339 ausu
1204 4295 1233 4350 le)
1249 4291 1275 4338 ln
1295 4291 1334 4337 Bb
1350 4303 1434 4338 mma

233 4369 307 4430 imque
377 4369 695 4426 (dllaflbnascallnoo
763 4369 917 4428 lelflbclunt
969 4370 1213 4430 lllesagittaotem
1271 4373 1308 4430 (ς)
1337 4371 1435 4417 Bblre·

233 4449 413 4509 quaeum
481 4450 835 4510 lblflbpatrciataqlttaatiboa
899 4451 1159 4508 (llflltooearrentes
1211 4451 1433 4510 <insimulas

232 4537 274 4586 ut,
287 4531 363 4580 dou·
376 4533 450 4594 equ&
464 4533 566 4580 modum.
594 4533 669 4594 plum
682 4541 757 4580 umen
767 4531 869 4594 equitum
882 4533 905 4580 ln
920 4545 1017 4594 quotum
1032 4543 1126 4580 oum
1141 4531 1232 4582 luit...
1243 4533 1272 4580 de
1286 4533 1434 4592 benardiglo

267 4725 310 4798 (r)
330 4725 429 4800 lungo
452 4725 565 4782 l'antico
587 4743 667 4784 corso
686 4727 714 4786 di
732 4739 810 4801 porta
891 4729 934 4798 (a)
942 4725 1175 4800 ctotupusterta
1186 4727 1214 4783 di
1222 4725 1313 4800 borgo
1322 4727 1434 4796 Nuoso,

232 4809 527 4878 Nuotasalladestra
557 4809 600 4870 Cf.
617 4811 744 4878 Gtuuu,
763 4830 809 4886 op.
855 4811 927 4868 luorl
939 4811 1011 4868 della
1024 4813 1104 4886 quale
1117 4811 1393 4870 trovavasilachiesa
1406 4815 1434 4870 di

234 4893 807 4972 cit,Dl,t57,furtaoaaar,op.cit.‚p.a5t.
855 4897 1433 4974 &MarcoCiGtutou,op.tit,lll,t56.
