3874 5886
691 509 994 570 PRAEFATIO.
1255 503 1263 532 '
1333 509 1436 566 XLVII

257 778 441 877 «quaedam
460 786 598 854 Historia
621 785 708 876 legati
730 786 771 854 ad
793 785 981 854 Malliacum
1029 783 1249 865 Viroconium
1272 783 1437 872 Regianum

257 903 502 970 «communitatis
534 902 662 969 sitiatis
693 899 861 968 Mediolani
883 925 913 968 u.
960 899 1056 990 Ergo,
1084 923 1158 968 cum
1186 898 1265 966 haec
1287 897 1438 966 scriberet

252 1015 468 1099 Gualvaneus,
488 1015 744 1084 cermenatensis
763 1033 871 1083 noster
890 1013 993 1083 adhuc
1010 1015 1147 1084 vivebat.

320 1129 438 1200 lisdem
466 1152 595 1220 quoque
613 1129 810 1220 temporibus
828 1129 934 1198 floruit
954 1129 1135 1198 Albertinus
1165 1130 1325 1198 Mussatus
1346 1129 1436 1195 Pata-

252 1247 345 1316 vinae
375 1245 460 1315 urbis
486 1267 561 1314 cum
590 1245 678 1328 civis,
697 1264 766 1314 tum
797 1245 964 1314 historicus
988 1245 1189 1334 praecellens.
1236 1246 1310 1313 Eius
1329 1243 1436 1312 stilum

253 1379 347 1451 atque
378 1361 593 1450 eloquentiam
626 1360 892 1430 commendarunt
923 1361 984 1443 alii,
1004 1360 1228 1429 commendavi
1259 1377 1290 1428 et
1319 1382 1381 1450 ego
1404 1360 1437 1428 in

254 1473 452 1544 Praefatione
485 1475 524 1543 ad
553 1474 705 1544 eumdem
727 1476 759 1542 in
789 1493 880 1544 tomo
912 1475 1057 1564 sequenti
1088 1474 1221 1556 edenda,
1248 1475 1302 1564 qui
1321 1495 1437 1564 nempe

255 1593 457 1660 franciscum
471 1589 672 1659 Petrarcham
684 1591 886 1682 praecesserit
898 1591 930 1658 in
940 1589 1136 1660 restituendo
1149 1591 1257 1658 ltaliae
1271 1589 1437 1659 latinamm

252 1707 412 1777 literarum
430 1707 608 1798 splendore.
654 1705 717 1776 Sed
740 1730 826 1775 nunc
846 1707 923 1774 mihi
943 1705 1115 1774 dicendum
1133 1704 1270 1774 Iohanni
1289 1704 1329 1774 de
1358 1705 1436 1774 Cer·

254 1839 379 1892 menate
411 1819 643 1890 Mediolanensi
671 1821 731 1890 civi
754 1820 910 1889 eiusmodi
939 1820 1075 1910 gloriam
1093 1821 1210 1909 potiori
1228 1821 1295 1890 iure
1323 1818 1436 1888 adscri-

254 1935 403 2018 bendam,
431 1935 705 2026 quemadmodum
731 1937 826 2004 etiam
854 1936 893 2006 de
918 1937 1047 2004 Ferreto
1066 1937 1238 2004 Vicentino
1263 1935 1432 2025 praesabar.

255 2052 293 2121 In
313 2053 458 2120 Mussato
477 2051 574 2120 habes
589 2051 697 2120 stilum
713 2075 778 2120 non
795 2073 866 2120 raro
882 2074 1028 2141 asperum
1051 2073 1087 2120 ac
1105 2051 1313 2134 salebrosum,
1333 2051 1439 2119 verbis

254 2189 272 2232 a
290 2165 478 2236 Latinorum
498 2165 655 2255 elegantia
672 2165 770 2257 longe
788 2165 948 2235 interdum
967 2165 1216 2235 abhorrentibus.
1262 2165 1384 2236 Contra
1403 2167 1436 2236 in

255 2279 497 2349 Cermenatensi
514 2281 716 2370 perspicuum
735 2280 921 2372 plerumque
940 2279 1065 2350 dicendi
1098 2305 1212 2372 genus,
1230 2281 1264 2350 in
1282 2304 1348 2372 quo
1366 2303 1438 2372 gra·

254 2395 333 2464 vitas
348 2417 524 2486 numquam
535 2395 737 2478 desideratur,
750 2414 782 2465 et
793 2395 954 2466 laudabilis
964 2397 1124 2466 latinitatis
1138 2420 1232 2488 sapor
1245 2395 1310 2466 fere
1320 2399 1438 2490 ubique

255 2508 507 2600 deprehenditur.
553 2511 705 2581 Ceterum
724 2533 824 2600 quum
857 2531 947 2580 tomo
977 2513 1082 2602 primo
1110 2511 1327 2582 Anctdotorum
1356 2513 1438 2584 hanc

254 2623 418 2694 historiam
437 2624 532 2708 edidi,
552 2624 690 2708 deerant,
709 2627 742 2694 in
762 2627 942 2716 exemplari,
967 2650 1031 2716 quo
1056 2627 1174 2709 utebar,
1195 2626 1326 2696 laciniae
1345 2628 1436 2710 duae,

254 2763 320 2810 non
350 2741 457 2832 exigui
488 2741 655 2810 momenti.
701 2741 823 2810 Verum
852 2740 1043 2830 procedente
1066 2760 1211 2831 tempore
1237 2765 1311 2811 cura
1330 2742 1438 2812 Lazari

253 2857 423 2946 Augustini
443 2855 558 2926 Cottae
583 2855 757 2926 doctissimi
776 2875 808 2924 et
830 2857 1012 2925 amicissimi
1032 2857 1090 2924 viri
1109 2855 1228 2925 lactum
1251 2875 1309 2940 est,
1329 2875 1365 2926 ut
1394 2881 1435 2927 ne

253 2970 305 3040 illa
322 2969 453 3062 quidem
471 2993 542 3062 pars
560 2970 797 3040 desideraretur.
845 2973 955 3056 Quare
973 2971 1232 3062 supplementum
1250 2994 1292 3039 ex
1307 2971 1370 3040 alio
1387 2973 1437 3041 in·

253 3105 344 3177 tegro
369 3085 540 3176 exemplari
560 3086 784 3177 depromptum
807 3084 941 3154 subinde
971 3084 1065 3168 edidi,
1091 3103 1183 3154 tomo
1202 3087 1261 3168 IV,
1277 3107 1351 3176 pag.
1371 3107 1431 3156 211

254 3201 489 3270 Atoedotorum:
508 3223 590 3291 quae
606 3201 715 3269 omnia
730 3199 825 3269 simul
844 3203 1014 3272 coniuncta
1032 3201 1064 3270 in
1084 3223 1203 3292 nupera
1221 3199 1280 3270 bac
1297 3199 1436 3270 editione

253 3337 358 3386 rursus
369 3314 549 3407 prodibunt.
597 3317 677 3384 Hele
693 3335 879 3385 autemnon
895 3334 1035 3406 repetam
1049 3339 1131 3406 quae
1144 3313 1183 3384 de
1196 3338 1313 3405 genere
1326 3315 1436 3384 mortis

256 3431 395 3500 Heinrici
415 3431 550 3522 Septimi
568 3433 704 3520 Augusti
723 3433 756 3500 in
779 3431 1009 3522 prolegominis
1028 3431 1067 3499 ad
1087 3431 1173 3499 hunc
1195 3431 1301 3520 ipsum
1323 3430 1435 3500 libmm

254 3543 420 3628 adnotavi;
445 3545 522 3614 haec
549 3545 637 3614 enim
659 3567 701 3614 ex
722 3545 877 3614 Anesdotis
897 3547 975 3614 meis
998 3563 1092 3636 petet,
1110 3547 1164 3634 qui
1183 3545 1279 3614 volet.
1326 3547 1436 3614 Unum

254 3659 368 3730 addere
383 3659 528 3744 sufficiat,
543 3681 610 3730 non
624 3661 730 3730 solum
747 3660 926 3730 Iohannem
941 3661 1040 3730 XXII
1057 3659 1243 3751 pontificem
1259 3661 1437 3731 maximum

253 3775 349 3844 literis
371 3775 436 3844 suis
459 3772 575 3864 ubique
594 3775 750 3864 evulgatis
768 3777 928 3858 institisse,
948 3793 983 3844 ut
1008 3776 1166 3844 calumnia
1184 3773 1287 3844 ordini
1312 3775 1438 3844 Praedi-

254 3907 396 3958 catorum
415 3889 551 3979 impacta
580 3887 620 3958 de
639 3909 766 3958 veneno
798 3888 904 3958 eidem
927 3888 1055 3959 Caesari
1087 3891 1118 3956 in
1148 3890 1241 3956 sacris
1271 3891 1438 3978 propinato

253 4002 463 4071 destrueretur
477 4001 582 4093 (quod
598 4003 801 4072 Gualvaneus
821 4003 965 4070 Flamma
979 4025 1090 4070 eorum
1107 4021 1289 4092 temporum
1306 4005 1439 4094 scriptor

253 4117 427 4186 memoriae
442 4117 600 4210 tradidit);
612 4117 668 4186 sed
681 4119 777 4186 etiam
791 4117 971 4186 Iohannem
983 4139 1093 4207 regem
1106 4115 1279 4184 Bohemiae
1294 4115 1436 4186 eiusdem

255 4231 384 4300 hienrici
403 4229 504 4300 filium
523 4253 609 4302 anno
628 4253 640 4300 t
646 4237 711 4322 346
724 4253 797 4300 suas
815 4249 958 4324 patentes
974 4231 1076 4300 literas
1095 4229 1220 4301 dedisse
1234 4230 1348 4321 quibus
1363 4254 1438 4299 exe·

255 4346 406 4416 trandum
433 4345 535 4428 illum,
566 4366 659 4438 atque
688 4347 842 4416 iniustum
871 4367 1035 4416 rumorem
1063 4347 1189 4436 penitus
1215 4345 1306 4415 silere
1338 4345 1438 4415 iussit.

255 4458 357 4529 Hasce
380 4459 483 4530 literas
515 4461 611 4530 habes
641 4460 725 4551 apud
751 4459 791 4530 C.
811 4461 851 4528 V.
878 4459 1072 4529 leibnitium
1091 4461 1125 4528 in
1145 4458 1255 4528 codice
1274 4457 1338 4528 lut.
1357 4459 1438 4528 Gert-

253 4573 335 4658 eum,
359 4595 425 4664 par.
450 4576 477 4657 1,
501 4599 532 4644 n.
553 4577 606 4664 87.
