3860 5890
626 547 650 601 1.
679 547 738 602 ns
766 545 1080 604 crannunrs.
1387 547 1445 616 125

324 767 429 838 LXII.
476 769 654 858 Imperator
666 769 719 837 ubi
733 787 799 838 tam
817 769 932 838 durum
947 791 984 838 ac
1002 793 1057 859 spe
1073 769 1214 838 alienum
1238 767 1450 858 apostolicum

256 883 444 953 mandatum
474 885 603 974 accepit,
624 911 640 948 r
660 882 733 968 hoc,
757 907 867 954 secum
887 885 999 974 inquit,
1019 883 1154 973 Philippi
1175 882 1343 954 Gallorum
1365 883 1449 973 regis

256 1021 337 1090 opus
360 1019 419 1084 est,
442 1001 497 1092 qui
521 999 645 1070 nullum
664 1001 861 1092 superiorem
882 1023 1092 1090 cognoscens,
1113 1019 1148 1070 ut
1170 1000 1291 1082 asserit,
1312 1021 1449 1089 regnum

255 1135 351 1184 suum
374 1133 480 1199 tenet;
504 1133 587 1184 certe
606 1115 683 1184 sciet
699 1141 730 1184 a.
778 1115 904 1200 deinde,
924 1133 1106 1186 convocato
1125 1137 1260 1184 suorum
1279 1137 1449 1206 procerum

209 1239 226 1306 5
257 1229 392 1300 consilio
411 1231 498 1298 iuxta
518 1229 654 1300 domum
673 1230 807 1300 fratrum
826 1231 1098 1314 Praedicatorum,
1119 1247 1241 1298 astante
1261 1251 1381 1320 magna
1396 1230 1448 1298 Pi·

256 1345 325 1412 sani
339 1345 448 1436 populi
460 1345 674 1429 multitudine,
684 1365 877 1437 protestatus
890 1365 947 1430 est,
961 1345 1049 1436 quod
1059 1345 1222 1436 galearum
1242 1346 1450 1436 equitumque

255 1459 344 1550 quod
366 1459 495 1550 parabat
518 1461 680 1532 effortium
704 1463 838 1530 minime
853 1459 1065 1552 praeiudicare
1084 1459 1269 1530 intendebat
1292 1459 1450 1528 Ecclesiae

257 1575 423 1646 Romanae
447 1575 576 1660 iuribus,
598 1600 681 1668 quae
710 1601 766 1666 per
789 1579 900 1645 omnia
923 1576 1093 1647 defendere
1122 1597 1154 1646 et
1178 1599 1367 1646 conservare
1391 1599 1450 1644 vo·

257 1689 350 1774 lebat,
366 1689 535 1760 intendens
553 1691 763 1761 solummodo
778 1691 937 1761 honorem
954 1711 1048 1786 atque
1064 1693 1129 1760 iura
1150 1691 1273 1781 imperii
1292 1691 1449 1782 persequi.

192 1815 229 1862 ¹0
259 1805 467 1876 nihilominus
493 1805 614 1896 legatos
638 1806 678 1874 ad
700 1829 816 1898 papam
837 1808 944 1890 mittit,
962 1807 1082 1876 scilicet
1111 1808 1296 1898 episcopum
1313 1805 1450 1875 Triden-

256 1923 360 1990 tinum
394 1922 617 1993 cancellarium
651 1947 757 2008 suum,
778 1925 966 2015 episcopum
1001 1923 1210 1994 Borentinum
1242 1941 1274 1992 ct
1297 1923 1450 1992 comitem

255 2036 446 2120 Sabaudiac,
468 2039 522 2128 qui
542 2039 728 2110 huiusmodi
747 2039 936 2108 mandatum
960 2037 1132 2108 revocandi
1157 2059 1288 2130 operam
1312 2038 1389 2106 dent
1403 2037 1449 2106 (¹).

255 2153 384 2223 interim
417 2153 595 2224 chricum
626 2153 666 2223 de
689 2154 837 2224 Flandria
860 2153 1111 2224 mareschalcum
1133 2176 1230 2224 suum
1253 2177 1329 2224 cum
1348 2153 1452 2222 octin-

256 2269 360 2358 gentis
372 2269 531 2360 equitibus
545 2289 576 2338 et
588 2269 708 2360 populo
721 2271 838 2338 Pisano
855 2271 1038 2360 exphgnarc
1054 2270 1326 2339 Petramsanctam
1343 2269 1450 2352 mittit,

191 2398 226 2466 15
256 2383 410 2474 oppidum
434 2385 507 2454 licet
527 2385 615 2455 dives
639 2408 782 2469 novum3
802 2387 908 2476 ipsum
926 2409 1065 2476 namque
1085 2403 1328 2454 construxerant
1345 2407 1451 2474 quon·

256 2499 331 2568 dam
355 2501 549 2570 Guiscardus
568 2501 607 2570 de
627 2503 829 2572 Petrasancta
848 2501 964 2570 nobilis
988 2501 1066 2570 civis
1085 2501 1274 2584 Mediolani,
1294 2499 1371 2570 urbe
1394 2521 1451 2570 sua

256 2617 399 2704 exulans,
423 2619 526 2709 prima
548 2618 783 2689 Turtianorum
806 2637 961 2710 regnante
980 2619 1160 2708 tyrannide,
1178 2621 1213 2688 in
1232 2619 1372 2688 districtu
1397 2637 1451 2687 aut

256 2751 356 2820 prope
389 2729 529 2798 confinia
548 2729 698 2800 Lucanae
723 2729 819 2813 urbis,
850 2731 940 2798 cuius
962 2749 1067 2799 rector
1091 2749 1168 2812 crat,
1186 2729 1306 2820 oppido
1330 2729 1378 2800 sui
1398 2751 1452 2798 co-

257 2847 420 2934 gnominis
443 2847 612 2936 imponcns
631 2869 764 2916 nomen.
811 2845 900 2916 dives
918 2849 950 2916 vi
970 2865 1098 2936 captum
1128 2847 1266 2936 spoliant
1285 2845 1450 2937 oppidum,

188 2975 230 3022 20
258 2981 386 3030 centum
405 2963 561 3052 equitum,
578 2961 664 3031 mille
683 2961 827 3052 peditum
841 2960 1022 3052 Guelphico
1041 2961 1198 3051 praesidio
1217 2960 1331 3032 trustra
1345 2963 1451 3030 muni·

256 3075 376 3143 tumel.
414 3076 487 3144 inde
503 3074 681 3146 Gibellinus
692 3077 861 3160 exercitus,
872 3076 988 3166 praeda
1000 3095 1145 3160 onustus,
1157 3077 1326 3148 Lucanum
1337 3099 1450 3166 agrum

257 3190 399 3275 visimus,
416 3189 571 3260 hostiliter
585 3191 755 3260 Sarsanam
774 3213 805 3262 et
823 3191 927 3284 plures
947 3191 1022 3261 alias
1038 3193 1262 3283 Guelphomm
1280 3211 1378 3261 terras
1396 3214 1452 3260 oc·

258 3525 317 3566 rato
326 3511 353 3566 di
364 3511 463 3568 Enrico
474 3511 533 3578 Vll,
545 3511 572 3568 la
585 3511 687 3568 chiesa
697 3513 724 3566 di
733 3511 833 3580 Roma,
912 3513 956 3585 (r)
966 3511 1093 3568 Secondo
1104 3513 1121 3568 il
1132 3512 1278 3580 Mussaro,
1287 3511 1340 3568 lot.
1350 3513 1405 3580 cit,
1414 3511 1452 3584 gli

257 3613 305 3668 per
323 3595 409 3650 bocca
425 3595 469 3651 del
484 3612 534 3652 suo
554 3612 633 3668 capo,
652 3595 778 3650 rafferma
794 3595 832 3668 gli
878 3597 1069 3653 ambasciatori
1093 3595 1166 3652 tlttti
1193 3595 1305 3652 lurono:
1325 3597 1452 3652 Amedeo

256 3679 359 3736 antichi
385 3681 467 3736 diritti
486 3681 512 3736 di
532 3683 655 3736 dominio
675 3679 743 3735 suile
762 3691 832 3736 terre
878 3695 959 3737 conte
987 3683 1013 3736 di
1042 3681 1152 3748 Savoia,
1177 3679 1195 3736 il
1216 3683 1348 3754 patriarca
1368 3681 1452 3736 d’lln·

257 3763 301 3818 del
320 3763 427 3836 Regno.
464 3765 503 3820 Fu
528 3765 602 3837 dopo
620 3763 675 3820 tale
693 3765 832 3838 pubblica·
877 3765 989 3832 tiochia,
1008 3765 1205 3822 l’arcivescovo
1232 3765 1260 3820 di
1289 3763 1451 3832 Genova,il

257 3849 344 3918 aione,
368 3849 395 3903 la
421 3847 502 3922 quale
526 3867 582 3904 non
607 3849 675 3904 ebbe
702 3847 728 3905 le
755 3851 831 3921 gravi
876 3867 996 3906 vescovo
1006 3849 1123 3906 Niceolo
1136 3851 1297 3906 diBotrinto
1307 3851 1366 3923 (nel
1382 3863 1452 3906 testo

257 3950 447 4004 conscguenae
466 3933 517 3990 che
532 3935 664 3990 vorrebbe
683 3932 703 3988 il
722 3933 764 3998 C.‚
781 3933 832 3990 che
877 3933 921 3990 del
940 3935 1076 3990 Mussato:
1106 3935 1290 4008 «episcopum
1309 3933 1453 3990 Abonthe·

258 4017 357 4076 Emito
370 4019 420 4074 Vll
440 4019 526 4075 elesse
540 4018 625 4074 nuovi
640 4018 831 4074 ambasciatori
878 4035 990 4074 aenum
1001 4019 1031 4088 a)
1049 4020 1083 4075 ed
1101 4017 1171 4076 altri.

257 4103 311 4159 alla
324 4105 428 4160 Santita
438 4103 482 4159 del
492 4103 634 4178 pontefice.
667 4103 742 4160 idue
752 4103 833 4158 docu·
912 4103 955 4174 (2)
972 4123 987 4154 e
997 4103 1173 4159 Mariscaleus
1188 4103 1292 4160 domini
1308 4105 1453 4176 imperato·

257 4189 342 4245 menti
361 4189 507 4262 pubblicati
534 4189 579 4244 dal
607 4187 738 4255 Mussato,
763 4187 832 4243 sulla
879 4211 893 4240 α
904 4189 939 4244 ris
955 4205 1018 4243 cum
1034 4201 1115 4260 gente
1130 4205 1179 4244 stra
1195 4187 1277 4242 exivit
1289 4187 1322 4242 de
1336 4187 1413 4254 Pisis,
1424 4199 1452 4242 et

257 4275 299 4328 cui
320 4273 476 4328 autenticitl
495 4289 551 4328 non
570 4273 682 4328 sarebbe
710 4273 832 4346 ragione·
879 4273 952 4328 «isit
970 4289 1064 4328 versus
1092 4273 1314 4337 Pietrasanctam,
1328 4282 1356 4326 et
1381 4271 1452 4342 cepit

257 4357 319 4414 vole
346 4359 373 4414 di
399 4359 530 4426 dubitare,
548 4359 667 4412 tenendo
686 4369 769 4412 conto
788 4357 831 4412 del
877 4377 891 4406 α
903 4373 964 4412 eam
978 4355 1252 4430 preliandodieiovis
1265 4355 1362 4410 ultimo
1375 4369 1452 4410 merr-

257 4443 342 4514 gtado
357 4459 373 4498 e
389 4443 460 4498 della
479 4459 593 4514 persona
609 4443 683 4496 dello
699 4441 831 4506 scrittore,
878 4441 938 4497 «sis
956 4457 1034 4514 may;
1058 4453 1085 4496 et
1110 4457 1207 4496 omnes
1226 4440 1259 4495 de
1277 4451 1350 4494 terra
1373 4441 1451 4511 quasi

256 4544 312 4582 non
332 4529 534 4598 ricomparvero
553 4527 626 4582 nella
645 4525 764 4582 raccolta
787 4525 831 4581 del
877 4524 1010 4581 «luerunt
1034 4525 1115 4597 capti,
1142 4537 1169 4578 et
1196 4535 1271 4596 parte
1296 4523 1406 4588 mortui,
1426 4534 1452 4577 et

257 4611 409 4682 Donniges.
456 4612 502 4666 Ma
530 4613 612 4682 giova
642 4627 750 4683 sperare
780 4609 831 4666 che
878 4609 1030 4664 «dominus
1056 4607 1191 4664 Nantinus
1210 4605 1315 4662 domini
1335 4605 1452 4661 Orlandi

256 4695 329 4750 nella
348 4709 423 4751 veste
443 4699 578 4752 autentica
608 4711 735 4766 reggano
755 4710 831 4768 pros·
878 4691 1097 4748 «Salamoneelli
1122 4691 1155 4748 de
1175 4691 1248 4746 Luca
1277 4687 1327 4745 luit
1345 4689 1379 4745 de
1398 4689 1452 4744 illis

258 4781 420 4836 simamente
443 4779 469 4834 la
488 4781 550 4836 luce
565 4779 612 4836 nel
626 4781 711 4836 citato
731 4781 829 4852 Regno
877 4777 1024 4850 «captiae.
1061 4777 1155 4832 Diario
1183 4775 1211 4830 di
1235 4791 1279 4832 ser
1299 4774 1451 4831 Grosntntt

258 4865 283 4918 ἀι·
294 4875 362 4938 papa
382 4865 506 4922 amente
530 4865 558 4919 V.
877 4879 906 4920 m
926 4861 1031 4918 Lutto
1050 4861 1077 4916 in
1096 4877 1141 4936 op.
1160 4861 1204 4916 eit.
1223 4879 1249 4934 p.
1267 4861 1325 4926 ¹8⁴·
