3860 5884
469 560 513 627 86
940 577 1185 636 HISTORIA

310 833 323 864 c
348 821 414 879 1561
469 796 683 881 defenderant,
698 796 917 868 recedentibus
931 799 965 856 (¹)
973 799 1130 885 hostibus,
1145 800 1321 885 dludentes,
1336 801 1424 869 laetis
1440 800 1450 892 l
1464 800 1655 870 clamoribus
1684 821 1702 888 5

469 911 595 980 coelum
606 913 743 1001 pulsant,
752 914 984 1004 geminatisque
995 938 1051 1004 per
1059 915 1140 984 echo
1154 915 1286 985 vocibus
1300 916 1397 985 vicini
1406 915 1539 984 vallibus
1558 915 1655 984 resul-

468 1046 536 1095 tant
554 1045 694 1110 montes,
712 1029 822 1097 nuncii
841 1028 1021 1119 frequentes
1040 1031 1079 1100 ad
1103 1054 1159 1100 eos
1177 1033 1320 1115 veniunt,
1332 1033 1397 1122 qui,
1410 1032 1590 1120 interruptis
1602 1053 1656 1120 pa-

467 1164 545 1209 vore
564 1142 696 1212 vocibus
724 1145 757 1212 in
784 1162 851 1213 tam
868 1167 955 1214 vano
983 1144 1169 1214 laetantium
1187 1146 1338 1230 tumultu,
1362 1146 1536 1236 signisque,
1560 1163 1596 1214 ut
1614 1145 1656 1212 si·

468 1257 565 1339 leant,
582 1281 681 1326 manu
710 1258 799 1342 datis,
819 1259 874 1326 vix
904 1259 1002 1328 auditi
1033 1261 1187 1330 nunciant
1210 1261 1319 1332 hostes
1347 1260 1386 1328 ab
1413 1260 1508 1329 altera
1537 1261 1657 1329 montis

467 1391 565 1462 parte,
580 1375 732 1462 superatis
743 1373 809 1442 iam
824 1373 917 1443 fossis
932 1397 969 1444 ac
983 1399 1082 1466 prope
1097 1376 1234 1445 lacerato
1246 1375 1340 1461 vallo,
1354 1394 1464 1446 contra
1480 1375 1544 1443 iant
1555 1376 1656 1444 fessos
1688 1395 1728 1442 10

468 1488 554 1554 cives
576 1510 678 1570 mere,
696 1487 802 1579 ibique
826 1489 971 1557 maximo
1004 1489 1089 1559 urbis
1113 1490 1255 1580 periculo
1280 1489 1425 1560 laborari.
1472 1489 1535 1558 hoc
1561 1489 1656 1578 pluri-

467 1626 559 1671 mum
566 1604 602 1660 (Β)
613 1606 812 1687 nunciantes,
836 1629 985 1696 «parum,
996 1608 1155 1698 inquiunt,
1166 1625 1270 1676 vestra
1284 1606 1424 1698 proderit
1439 1608 1491 1675 hic
1508 1606 1591 1674 facta
1605 1605 1657 1674 de·

467 1716 580 1800 fensio,
599 1719 633 1786 rii
651 1716 768 1787 festino
791 1741 901 1808 gressu
922 1721 1097 1810 properetis
1116 1719 1157 1789 ad
1179 1721 1311 1805 vallum,
1333 1720 1420 1811 quod
1439 1719 1539 1789 modo
1552 1719 1586 1774 (⁶)
1602 1718 1656 1787 de-

467 1829 645 1899 fensoribus
675 1833 812 1900 nimium
845 1831 935 1901 fessis
964 1833 1102 1902 titubans
1134 1835 1284 1903 vidimus.
1339 1835 1514 1924 properetis
1539 1834 1656 1923 itaque,

467 1944 627 2034 inquiunt,
647 1944 724 2013 dum
747 1967 856 2015 noster
879 1967 927 2015 est
949 1948 1007 2016 iste
1030 1947 1117 2031 dies;
1137 1967 1169 2016 et
1192 1967 1227 2016 ut
1249 1949 1351 2017 modo
1374 1949 1434 2016 hos
1453 1969 1534 2039 quos
1552 1947 1587 2004 (⁴)
1606 1969 1657 2014 ce·
1689 1967 1726 2033 15

467 2057 577 2126 dentes
597 2058 757 2126 cernimus
781 2077 874 2148 atque
901 2059 976 2128 hinc
998 2061 1107 2151 pulsos
1126 2059 1246 2144 hostes,
1259 2059 1269 2151 l
1282 2061 1328 2127 sic
1350 2061 1417 2150 ipsa
1440 2060 1556 2128 virtute
1579 2058 1657 2126 alios

467 2171 623 2261 repellatis
634 2197 644 2255 ;
668 2195 730 2240 neu
749 2175 879 2263 patriae,
898 2195 1075 2263 parenmm,
1096 2176 1273 2265 coniugum
1296 2193 1389 2264 atque
1412 2173 1584 2242 liberomm
1602 2195 1658 2240 ve·

467 2305 605 2356 strorum
621 2287 717 2357 hodie
731 2289 798 2356 sitis
816 2291 1025 2359 immemores
1037 2317 1067 2357 u.
1114 2292 1235 2359 cunctis
1250 2292 1357 2380 itaque
1370 2307 1460 2359 tanto
1476 2289 1657 2358 discrimine

468 2399 708 2488 trepidantibus,
731 2400 863 2471 dimisso
887 2402 930 2471 ibi
956 2402 1075 2472 idoneo
1106 2405 1211 2494 gentis
1234 2402 1403 2494 praesidio,
1422 2425 1475 2486 ne,
1497 2403 1525 2470 si
1548 2402 1658 2470 hostes

467 2515 682 2608 redintegrare
701 2541 846 2609 pugnam
865 2519 1012 2605 audeant,
1030 2521 1205 2611 periculum
1224 2519 1339 2590 inferre
1356 2521 1492 2611 possint,
1508 2519 1605 2603 illico,
1623 2537 1659 2588 ut
1686 2541 1729 2588 20

467 2633 574 2721 signat
596 2631 635 2699 ab
659 2631 722 2700 alta
743 2650 828 2701 turre
852 2655 959 2703 custos
981 2634 1026 2718 (θ),
1051 2653 1162 2704 contra
1185 2634 1441 2704 Mediolanenses
1465 2653 1498 2702 et
1519 2634 1657 2724 reliquos

467 2745 629 2834 pulsantes
644 2746 763 2815 vallum
782 2747 893 2837 rapido
917 2771 1009 2818 cursu
1032 2749 1178 2833 tendunt,
1202 2750 1257 2818 ubi
1278 2749 1398 2833 hostes,
1413 2771 1494 2840 quos
1516 2747 1658 2838 praefato

468 2861 607 2930 clamore
624 2884 723 2951 quem
738 2885 871 2932 suorum
884 2885 1036 2954 prospero
1050 2886 1198 2934 successu
1212 2863 1332 2934 factum
1341 2864 1438 2934 fuisse
1451 2863 1657 2948 crediderant,

467 2977 610 3060 laetatos,
623 2976 739 3046 arctius
753 2978 870 3047 instare
882 2977 920 3036 (f)
935 2999 1119 3069 coeperunt,
1131 2981 1275 3048 maximo
1291 3003 1366 3049 cum
1380 2979 1487 3050 labore
1501 2980 1660 3062 reiiciunt,

468 3091 634 3181 multoque
653 3092 772 3160 cruoris
791 3113 912 3183 sparso,
927 3093 980 3184 (a)
999 3093 1084 3162 vallo
1102 3094 1260 3185 repellunt
1270 3094 1424 3186 plurimos
1436 3093 1481 3178 (ὅ),
1492 3095 1659 3185 pluresque
1687 3113 1728 3181 25

469 3207 591 3275 adime
609 3204 713 3275 fossae
731 3226 859 3276 ruentes
883 3208 1077 3298 sepeliunmr
1094 3209 1131 3266 (l)
1159 3210 1253 3279 saxis.
1299 3229 1376 3279 tunc
1398 3211 1546 3301 egregius
1565 3229 1660 3300 atque

467 3323 569 3392 fidelis
596 3323 714 3394 Rebela
731 3323 761 3380 (¹)
787 3323 826 3391 de
845 3323 1028 3408 Grimaldis‚
1051 3325 1124 3393 licet
1153 3325 1242 3394 dotati
1267 3347 1344 3394 suae
1362 3327 1372 3418 Ι
1390 3325 1568 3416 Guelphus,
1585 3349 1658 3394 cum

468 3439 533 3508 suis
550 3439 760 3510 Ianuensibus
775 3440 955 3530 sagittariis,
973 3462 1112 3532 quorum
1128 3442 1193 3511 dux
1209 3461 1302 3533 atque
1317 3461 1420 3512 rector
1435 3462 1511 3528 erat,
1526 3461 1659 3514 cunctos

468 3554 636 3624 redeuntes
647 3555 684 3612 (i)
695 3555 756 3624 alta
767 3577 848 3624 voce
861 3555 1055 3647 redarguens
1070 3558 1310 3649 increpansque,
1326 3558 1405 3628 dum
1423 3561 1532 3649 paucis
1546 3561 1659 3629 frustra

469 3668 585 3738 hostile
600 3667 721 3738 vallum
739 3669 953 3760 pugnantibus
969 3669 1118 3760 prodesse
1133 3673 1249 3762 potuit,
1262 3671 1348 3740 stetit
1363 3672 1514 3741 tamen&
1528 3674 1659 3758 invitus,
1687 3689 1731 3756 30

469 3784 593 3866 dolens,
612 3805 649 3850 ac
666 3807 740 3874 prae
753 3785 856 3852 nimio
879 3784 988 3854 dolore
1011 3804 1116 3855 totum
1135 3809 1169 3854 se
1184 3787 1367 3870 dilacerans,
1383 3806 1570 3857 cunctorum
1586 3789 1660 3858 ulti-

470 3921 542 3968 mus
558 3921 575 3966 a
590 3920 700 3988 pugna
717 3899 845 3968 recessit
851 3923 861 3983 ;
875 3899 964 3969 cuius
979 3923 1070 3968 mora
1084 3917 1178 3991 atque
1195 3903 1415 3992 sagittantium
1435 3924 1497 3993 ope
1515 3925 1658 3986 suorum,

472 4031 657 4082 nostrorum
679 4013 807 4104 plurimi
830 4013 970 4085 evadunt
993 4014 1097 4084 fossis.

522 4199 755 4256 (elflbcedeutibus
833 4201 865 4256 (b)
881 4201 1093 4258 Bbltaecplurirul
1162 4203 1302 4262 (eldaqnl
1378 4204 1411 4262 (d)
1427 4204 1660 4264 Bbutmodoquos

470 4277 500 4332 (ε)
514 4277 556 4322 Λα
573 4287 617 4336 per
632 4287 713 4324 errore
728 4277 852 4324 dilectura
865 4291 878 4322 ι
892 4278 960 4324 latere
973 4285 1046 4325 terrae
1066 4287 1144 4326 custos
1226 4279 1258 4338 (i)
1273 4281 1317 4328 Bb
1331 4283 1425 4328 laetatos
1438 4282 1522 4331 incute
1536 4291 1660 4342 coeperunt

469 4359 499 4412 (gl
514 4355 555 4402 Bb
569 4357 684 4416 multoque
698 4355 786 4402 cruoris
800 4357 1000 4414 spat-optimum
1010 4359 1163 4416 milopellunt
1211 4359 1244 4414 (h)
1258 4358 1300 4404 Bb
1313 4361 1423 4419 repeliunt
1476 4361 1501 4418 (it
1516 4362 1557 4408 Bb
1570 4361 1659 4408 Rebella

472 4437 499 4496 (t)
513 4438 674 4484 Bbabeuntes
732 4437 925 4495 (mammem

470 4595 485 4630 e
504 4577 710 4636 indeterminata
736 4583 752 4633 lt
773 4579 969 4637 l’attestaaione
996 4581 1041 4637 del
1086 4593 1138 4638 sto.
1172 4583 1211 4638 La
1238 4595 1363 4656 pertenta
1382 4585 1410 4640 di
1428 4583 1475 4654 lui,
1488 4603 1535 4659 per
1547 4586 1659 4660 ragione

470 4660 581 4716 Ferreto
599 4679 647 4736 per
665 4662 775 4719 eredere
794 4681 911 4720 erroneo
929 4665 981 4720 che
996 4665 1042 4722 Al·
1086 4665 1114 4720 di
1128 4665 1258 4736 malattia,
1273 4671 1328 4739 pub
1338 4685 1429 4724 essere
1439 4683 1573 4726 avvenura
1583 4671 1659 4742 dopo

470 4742 554 4799 hoino
572 4745 644 4801 della
659 4745 741 4801 Scala
752 4749 942 4822 partecipasse,
960 4764 1041 4804 come
1087 4749 1149 4822 quel
1165 4749 1272 4820 giorno.

470 4827 552 4882 vuole
567 4827 586 4882 il
606 4829 648 4896 C,
663 4829 716 4884 alla
734 4829 864 4904 battaglia
873 4831 917 4888 del
934 4847 967 4906 3⁰
981 4849 1044 4905 ago·
