3860 5884
622 557 653 614 1.
680 557 739 613 ne
767 557 1082 614 cennensrs.
1406 563 1445 632 73

259 773 374 866 pesae
396 777 566 846 nationum
584 777 695 867 stirpes
717 777 754 834 (⁸)
771 777 805 846 in
828 777 896 868 ipsa
918 775 1064 848 Guelfica
1086 795 1172 870 parte
1195 779 1296 848 nimia
1318 779 1449 849 exulum

213 909 231 974 5
259 891 411 980 patientia
429 913 575 964 securam
591 914 702 984 pacem
726 890 832 976 dante,
849 893 963 984 opibus
987 913 1081 984 atque
1096 893 1197 984 gloria
1215 896 1297 962 inter
1315 895 1450 986 Ligures

260 1005 460 1088 clanrissent,
484 1005 565 1076 duae
586 1029 662 1098 prae
685 1007 814 1078 caeteris
836 1008 872 1064 (a)
894 1007 1033 1076 familiae
1055 1009 1201 1099 potentia
1223 1033 1260 1078 ac
1282 1009 1449 1080 nobilitate

259 1121 431 1212 praeibant,
448 1120 686 1192 Cavalcaboves
704 1123 821 1193 scilicet
843 1141 875 1192 et
890 1125 1016 1208 Amaci,
1035 1146 1170 1216 quarum
1184 1125 1342 1216 principes
1360 1125 1451 1194 lami·

259 1233 372 1304 liaruut
391 1233 524 1304 diversis
542 1235 685 1306 moribus
707 1237 741 1308 in
764 1237 841 1306 urbe
864 1239 1019 1324 viventes,
1038 1237 1119 1308 odds
1142 1261 1178 1308 ac
1200 1261 1298 1330 prope
1320 1238 1450 1308 seditio·

260 1349 353 1420 nibus
368 1347 562 1434 laborabant,
581 1369 692 1442 utpote
710 1351 901 1422 Guillelurus
922 1351 1118 1424 Cavalcabos
1141 1371 1174 1422 et
1191 1353 1391 1444 Supratnons
1409 1352 1449 1424 de

194 1484 234 1532 ro
260 1465 395 1534 Amatis.
441 1483 583 1558 uterque,
596 1467 680 1537 inter
689 1465 824 1550 nobiles,
847 1467 958 1550 clarus,
979 1467 1121 1538 amabilis
1140 1487 1172 1537 et
1194 1467 1353 1560 gloriosus
1372 1487 1447 1540 erat.

259 1603 373 1650 venun
388 1579 584 1650 multitudini
599 1599 631 1650 et
644 1581 800 1672 plerisque
818 1603 859 1652 ex
878 1581 1093 1674 magnatibus,
1115 1584 1170 1673 qui
1193 1605 1368 1654 commune
1392 1583 1449 1653 bo

259 1715 340 1762 num
369 1717 499 1766 summo
528 1695 634 1767 studio
664 1697 827 1780 curabant,
850 1697 1047 1788 Supramons
1079 1699 1180 1767 carior
1198 1697 1267 1782 luit,
1289 1699 1408 1790 quippe
1430 1723 1449 1769 a

258 1813 424 1882 iuventute
439 1813 598 1902 publicola
619 1813 736 1904 {bonis
750 1815 893 1886 moribus
914 1817 949 1872 (⁶)
972 1839 1009 1886 ac
1031 1815 1219 1908 reipublicae
1243 1815 1329 1886 utilis
1351 1815 1448 1886 babe-
1501 1851 1548 1888 er
1596 1853 1610 1886 ι

260 1927 359 1998 batur.
395 1947 506 2000 contra
517 1929 826 2021 Gudlelmusquern
842 1929 1024 2000 divitiarum
1036 1931 1128 2021 eopia
1139 1929 1313 2022 superbum
1333 1953 1369 2000 ac
1380 1954 1449 2000 rna·

192 2057 229 2124 15
258 2045 314 2134 gni
328 2043 427 2116 fastus
448 2045 595 2129 reddidit,
610 2045 753 2118 turbator
762 2047 799 2104 (⁴)
808 2046 957 2129 iustitiae,
980 2045 1094 2116 iudicia
1107 2047 1295 2138 plerumque
1309 2047 1448 2118 conlun-

259 2156 349 2242 dens,
368 2157 447 2228 haec
461 2158 520 2228 sibi
535 2159 629 2228 licere
644 2183 682 2228 ac
699 2183 735 2230 se
749 2184 850 2230 unum
865 2161 900 2230 in
915 2159 992 2230 urbe
1010 2159 1081 2252 plus
1099 2159 1232 2230 caeteris
1247 2181 1355 2250 posse,
1370 2158 1448 2230 dum

258 2294 354 2341 saeva
381 2275 512 2364 impune
540 2273 663 2360 suadet,
683 2275 861 2366 gloriosum
891 2293 923 2344 et
952 2273 1106 2344 decorum
1129 2273 1245 2344 stolide
1272 2271 1447 2363 reputabat.

260 2386 349 2455 cuius
366 2385 411 2456 rei
434 2409 527 2456 causa
546 2388 667 2458 invisus
689 2406 756 2458 erat
776 2387 991 2480 popularibus.
1036 2405 1260 2458 verumtamen
1284 2408 1350 2456 una
1373 2407 1447 2458 curn

257 2501 412 2594 plerisque
434 2503 623 2594 sequacibus
645 2507 709 2575 suis
733 2523 846 2574 cuncta
868 2505 1001 2594 impune
1028 2523 1124 2574 saeva
1153 2502 1357 2594 gerentibus,
1378 2503 1448 2572 sine

185 2641 231 2690 ao
258 2615 363 2700 titulo,
385 2619 527 2688 maximo
554 2618 742 2710 reipublicae
765 2617 886 2688 damuo
908 2617 1061 2710 regnabat
1083 2619 1117 2690 in
1140 2617 1228 2690 urbe.
1273 2619 1319 2688 sic
1348 2618 1447 2702 enim,

258 2729 344 2801 haud
357 2753 471 2822 parum
482 2733 664 2806 dissimilius
678 2735 746 2804 eins
759 2733 992 2824 progenitores,
1006 2733 1095 2804 velut
1109 2755 1200 2804 more
1214 2754 1275 2804 suo
1290 2733 1447 2816 viventes,

258 2845 346 2930 olim,
377 2845 553 2936 periculum
583 2844 775 2938 quandoque
797 2845 971 2916 turbandae
997 2846 1198 2938 reipublicae,
1220 2871 1258 2916 ac
1280 2845 1447 2916 seditionis

259 2985 387 3034 causam
406 2963 566 3035 dederant
612 2965 706 3036 huius
724 2965 801 3034 mali
818 2965 948 3038 humilis
970 2965 1155 3050 multitudo,
1172 2989 1210 3036 ac
1228 2965 1370 3058 plerique
1388 2965 1449 3034 ho·

259 3079 340 3148 nesti
362 3079 483 3148 ordinis
504 3079 684 3170 populares,
703 3081 927 3171 Supramontis
953 3079 1182 3152 adolescentuli
1204 3081 1283 3150 olim
1306 3079 1415 3150 lavore
1437 3079 1449 3170 Ι

185 3216 229 3283 25
257 3194 338 3280 freti,
362 3195 448 3266 haud
470 3213 590 3266 temere
613 3195 795 3287 aliquando,
817 3195 946 3288 aliquod
968 3196 1108 3266 habuere
1130 3195 1321 3280 remedium,
1340 3194 1447 3286 legem

257 3309 498 3402 fetentesque,
521 3313 664 3380 maxima
692 3310 926 3396 moderatione,
943 3335 1011 3383 non
1038 3311 1113 3382 urbs
1135 3311 1224 3382 velut
1246 3309 1393 3381 exulibus
1415 3329 1448 3380 et

257 3427 448 3517 proscriptis,
467 3427 523 3498 sed
541 3427 642 3496 nimia
660 3427 746 3498 urbis
771 3425 982 3518 frequentatio
1006 3445 1100 3519 atque
1129 3449 1220 3496 mora
1243 3425 1447 3518 primoribus,

259 3541 468 3612 immocredo
482 3540 766 3633 singulisfamiliae
775 3541 1047 3626 Cavdcabovum,
1058 3542 1310 3612 interdictaerat
1357 3540 1448 3610 cuius

258 3655 412 3747 obsequio
429 3656 522 3747 legis,
541 3656 619 3727 dnm
638 3655 878 3728 Cavalcaboses
898 3657 1023 3748 oppidis
1042 3679 1079 3726 ac
1102 3655 1245 3726 dulcibus
1268 3653 1352 3746 agris
1370 3656 1447 3738 suis,

187 3793 229 3860 30
258 3795 397 3864 quorum
419 3795 537 3864 magna
559 3775 604 3842 eis
627 3774 721 3864 copia
743 3791 820 3856 erat,
839 3771 1009 3864 magnifice
1028 3775 1128 3842 vitam
1151 3789 1261 3864 agunt,
1285 3771 1340 3841 diu
1363 3789 1448 3840 tran·

256 3887 352 3980 quilla
374 3909 463 3979 paee,
478 3887 565 3958 velut
587 3887 722 3978 integra,
737 3887 845 3959 floruit
859 3887 1033 3958 Cremona.
1079 3889 1144 3957 iam
1158 3887 1325 3958 Gibelliuis
1340 3903 1447 3957 extor-

256 4001 342 4073 ribus
360 4003 468 4071 omnis
485 4003 520 4072 in
538 4003 652 4072 urbem
680 4024 772 4072 suam
794 4003 913 4074 reclinas
935 4025 991 4094 spe
1020 4003 1135 4094 posita,
1157 4001 1319 4092 oblitaque
1339 3999 1446 4070 dulce·

257 4117 331 4188 dine
345 4121 473 4210 patriae,
483 4117 719 4209 quiescentibus
742 4119 852 4188 alienis
874 4119 975 4202 terris,
994 4117 1098 4188 donec
1121 4137 1243 4188 mutata
1261 4115 1445 4188 conditione

256 4233 393 4324 partium
413 4231 588 4302 Mediolani
605 4251 638 4302 et
657 4234 839 4302 Cremonae
861 4233 1014 4314 similiter,
1032 4231 1155 4302 sublata
1170 4229 1347 4302 confinium
1363 4229 1446 4319 lege,

185 4369 225 4436 35
255 4348 430 4438 perniciose
453 4349 589 4440 perverti
618 4347 724 4438 coepit
747 4347 813 4440 (in)
836 4347 968 4439 quilibet
990 4347 1076 4418 urbis
1098 4345 1180 4416 ordo
1198 4345 1243 4414 (⁸).
1292 4367 1368 4414 narn
1390 4341 1445 4412 ubi

307 4605 340 4662 (ι)
355 4603 399 4650 Bb
417 4603 501 4652 multae
516 4603 633 4652 uticem
646 4605 727 4664 stirpe·
787 4605 821 4662 (b)
837 4604 880 4652 Bb
892 4605 950 4652 dnae
962 4603 1057 4652 mura
1119 4605 1152 4660 (e)
1165 4604 1207 4649 Aa
1219 4613 1234 4648 a
1247 4602 1366 4648 lateatne
1379 4599 1446 4646 bools

255 4683 356 4729 moribus
417 4683 620 4742 multarum
679 4679 1446 4742 re)rsrtsetletaaterptermqne=telurmuormana

254 4757 1446 4822 oevlmdlmmudlopoedunmnuleutmmultltdatlnere

255 4841 960 4902 Μωδοωνῑυμψωϋ

362 4947 583 4996 racemus
1314 4945 1339 4990 s·

1500 3235 1523 3270 e.
1539 3233 1607 3283 asse
