<?xml version="1.0" encoding="UTF-8"?>
<!DOCTYPE html PUBLIC "-//W3C//DTD XHTML 1.0 Transitional//EN"
    "http://www.w3.org/TR/xhtml1/DTD/xhtml1-transitional.dtd">
<html xmlns="http://www.w3.org/1999/xhtml" xml:lang="en" lang="en">
 <head>
  <title>
</title>
<meta http-equiv="Content-Type" content="text/html;charset=utf-8" />
  <meta name='ocr-system' content='tesseract 3.04.00' />
  <meta name='ocr-capabilities' content='ocr_page ocr_carea ocr_par ocr_line ocrx_word'/>
</head>
<body>
  <div class='ocr_page' id='page_1' title='image "./historiaiohanni01farrgoog_0142.png"; bbox 0 0 3860 5884; ppageno 0'>
   <div class='ocr_carea' id='block_1_1' title="bbox 452 543 1197 612">
    <p class='ocr_par' dir='ltr' id='par_1_1' title="bbox 452 543 1197 612">
     <span class='ocr_line' id='line_1_1' title="bbox 452 543 1197 612; baseline -0.001 -18"><span class='ocrx_word' id='word_1_1' title='bbox 452 545 495 612; x_wconf 88' lang='lat'>70</span> <span class='ocrx_word' id='word_1_2' title='bbox 920 543 1197 602; x_wconf 41' lang='lat' dir='ltr'>HISTORIA,</span> 
     </span>
    </p>
   </div>
   <div class='ocr_carea' id='block_1_2' title="bbox 453 763 1749 3622">
    <p class='ocr_par' dir='ltr' id='par_1_2' title="bbox 453 763 1749 3622">
     <span class='ocr_line' id='line_1_2' title="bbox 453 763 1641 855; baseline -0.002 -23"><span class='ocrx_word' id='word_1_3' title='bbox 453 765 560 847; x_wconf 83' lang='lat' dir='ltr'>libera,</span> <span class='ocrx_word' id='word_1_4' title='bbox 576 783 607 833; x_wconf 90' lang='lat' dir='ltr'>et</span> <span class='ocrx_word' id='word_1_5' title='bbox 619 765 711 834; x_wconf 88' lang='lat' dir='ltr'>rebus</span> <span class='ocrx_word' id='word_1_6' title='bbox 731 764 895 855; x_wconf 89' lang='lat' dir='ltr'>hospitum</span> <span class='ocrx_word' id='word_1_7' title='bbox 905 766 1010 848; x_wconf 89' lang='lat' dir='ltr'>salvis,</span> <span class='ocrx_word' id='word_1_8' title='bbox 1023 785 1164 835; x_wconf 87' lang='lat' dir='ltr'>mercato</span> <span class='ocrx_word' id='word_1_9' title='bbox 1183 767 1293 834; x_wconf 78' lang='lat' dir='ltr'>vivant</span> <span class='ocrx_word' id='word_1_10' title='bbox 1310 766 1356 848; x_wconf 84' lang='lat'>(¹),</span> <span class='ocrx_word' id='word_1_11' title='bbox 1374 765 1490 854; x_wconf 90' lang='lat' dir='ltr'>quippe</span> <span class='ocrx_word' id='word_1_12' title='bbox 1504 763 1641 831; x_wconf 90' lang='lat' dir='ltr'>floreno·</span> 
     </span>
     <span class='ocr_line' id='line_1_3' title="bbox 454 881 1641 973; baseline -0.003 -23"><span class='ocrx_word' id='word_1_13' title='bbox 454 905 526 950; x_wconf 90' lang='lat' dir='ltr'>rum</span> <span class='ocrx_word' id='word_1_14' title='bbox 541 883 828 952; x_wconf 84' lang='lat' dir='ltr'><strong>mediolanensium</strong></span> <span class='ocrx_word' id='word_1_15' title='bbox 848 882 888 951; x_wconf 88' lang='lat' dir='ltr'>ad</span> <span class='ocrx_word' id='word_1_16' title='bbox 900 904 958 951; x_wconf 92' lang='lat' dir='ltr'>vos</span> <span class='ocrx_word' id='word_1_17' title='bbox 969 884 1104 952; x_wconf 84' lang='lat' dir='ltr'>veniunt</span> <span class='ocrx_word' id='word_1_18' title='bbox 1114 883 1209 973; x_wconf 93' lang='lat' dir='ltr'>pleni.</span> <span class='ocrx_word' id='word_1_19' title='bbox 1255 883 1406 971; x_wconf 84' lang='lat' dir='ltr'>exponite</span> <span class='ocrx_word' id='word_1_20' title='bbox 1418 881 1573 972; x_wconf 90' lang='lat' dir='ltr'>pervicos</span> <span class='ocrx_word' id='word_1_21' title='bbox 1585 903 1641 947; x_wconf 89' lang='lat' dir='ltr'>ve·</span> 
     </span>
     <span class='ocr_line' id='line_1_4' title="bbox 455 993 1643 1089; baseline -0.002 -25"><span class='ocrx_word' id='word_1_22' title='bbox 455 997 548 1079; x_wconf 88' lang='lat' dir='ltr'>nalia,</span> <span class='ocrx_word' id='word_1_23' title='bbox 567 997 680 1087; x_wconf 88' lang='lat' dir='ltr'>quibus</span> <span class='ocrx_word' id='word_1_24' title='bbox 693 1015 800 1087; x_wconf 88' lang='lat' dir='ltr'>egent,</span> <span class='ocrx_word' id='word_1_25' title='bbox 820 1015 852 1066; x_wconf 91' lang='lat' dir='ltr'>et</span> <span class='ocrx_word' id='word_1_26' title='bbox 866 997 996 1088; x_wconf 88' lang='lat' dir='ltr'>implete</span> <span class='ocrx_word' id='word_1_27' title='bbox 1011 997 1118 1067; x_wconf 83' lang='lat' dir='ltr'>bursas</span> <span class='ocrx_word' id='word_1_28' title='bbox 1130 997 1139 1089; x_wconf 91' lang='lat' dir='ltr'>l</span> <span class='ocrx_word' id='word_1_29' title='bbox 1149 1015 1268 1068; x_wconf 87' lang='lat' dir='ltr'>vestras</span> <span class='ocrx_word' id='word_1_30' title='bbox 1284 997 1427 1065; x_wconf 90' lang='lat' dir='ltr'>nummis</span> <span class='ocrx_word' id='word_1_31' title='bbox 1439 1021 1470 1062; x_wconf 77' lang='lat' dir='ltr'>o.</span> <span class='ocrx_word' id='word_1_32' title='bbox 1516 993 1643 1076; x_wconf 87' lang='lat' dir='ltr'>deinde,</span> 
     </span>
     <span class='ocr_line' id='line_1_5' title="bbox 455 1109 1737 1204; baseline 0.004 -25"><span class='ocrx_word' id='word_1_33' title='bbox 455 1112 557 1202; x_wconf 86' lang='lat' dir='ltr'>largas</span> <span class='ocrx_word' id='word_1_34' title='bbox 580 1111 716 1182; x_wconf 85' lang='lat' dir='ltr'>fundens</span> <span class='ocrx_word' id='word_1_35' title='bbox 735 1114 903 1202; x_wconf 85' lang='lat' dir='ltr'>lacrymas,</span> <span class='ocrx_word' id='word_1_36' title='bbox 920 1131 994 1203; x_wconf 92' lang='lat' dir='ltr'>post</span> <span class='ocrx_word' id='word_1_37' title='bbox 1015 1134 1191 1204; x_wconf 87' lang='lat' dir='ltr'>stuporem,</span> <span class='ocrx_word' id='word_1_38' title='bbox 1215 1113 1365 1182; x_wconf 90' lang='lat' dir='ltr'>ultimum</span> <span class='ocrx_word' id='word_1_39' title='bbox 1387 1110 1522 1180; x_wconf 89' lang='lat' dir='ltr'>verbum</span> <span class='ocrx_word' id='word_1_40' title='bbox 1546 1109 1641 1178; x_wconf 85' lang='lat' dir='ltr'>dixit:</span> <span class='ocrx_word' id='word_1_41' title='bbox 1671 1139 1687 1204; x_wconf 87' lang='lat'><em>3</em></span> <span class='ocrx_word' id='word_1_42' title='bbox 1694 1138 1737 1204; x_wconf 83' lang='lat'>5⁰</span> 
     </span>
     <span class='ocr_line' id='line_1_6' title="bbox 460 1223 1643 1314; baseline 0.002 -26"><span class='ocrx_word' id='word_1_43' title='bbox 460 1223 667 1292; x_wconf 83' lang='lat' dir='ltr'>«Deliberate</span> <span class='ocrx_word' id='word_1_44' title='bbox 676 1250 686 1307; x_wconf 91' lang='lat'>;</span> <span class='ocrx_word' id='word_1_45' title='bbox 706 1224 822 1293; x_wconf 91' lang='lat' dir='ltr'>malitis</span> <span class='ocrx_word' id='word_1_46' title='bbox 839 1227 956 1314; x_wconf 90' lang='lat' dir='ltr'>potius,</span> <span class='ocrx_word' id='word_1_47' title='bbox 976 1249 1050 1295; x_wconf 92' lang='lat' dir='ltr'>cum</span> <span class='ocrx_word' id='word_1_48' title='bbox 1066 1243 1155 1295; x_wconf 87' lang='lat' dir='ltr'>tanto</span> <span class='ocrx_word' id='word_1_49' title='bbox 1174 1225 1355 1294; x_wconf 86' lang='lat' dir='ltr'>discrimine</span> <span class='ocrx_word' id='word_1_50' title='bbox 1372 1243 1488 1306; x_wconf 89' lang='lat' dir='ltr'>vestro,</span> <span class='ocrx_word' id='word_1_51' title='bbox 1505 1241 1643 1291; x_wconf 89' lang='lat' dir='ltr'>mortem</span> 
     </span>
     <span class='ocr_line' id='line_1_7' title="bbox 457 1335 1644 1427; baseline 0 -23"><span class='ocrx_word' id='word_1_52' title='bbox 457 1355 610 1420; x_wconf 87' lang='lat' dir='ltr'>nostram,</span> <span class='ocrx_word' id='word_1_53' title='bbox 629 1361 726 1427; x_wconf 87' lang='lat' dir='ltr'>quam</span> <span class='ocrx_word' id='word_1_54' title='bbox 741 1360 800 1406; x_wconf 92' lang='lat' dir='ltr'>vos</span> <span class='ocrx_word' id='word_1_55' title='bbox 815 1357 922 1407; x_wconf 86' lang='lat' dir='ltr'>vestro</span> <span class='ocrx_word' id='word_1_56' title='bbox 935 1339 1110 1408; x_wconf 92' lang='lat' dir='ltr'>commodo</span> <span class='ocrx_word' id='word_1_57' title='bbox 1122 1339 1291 1408; x_wconf 89' lang='lat' dir='ltr'>nobiscum</span> <span class='ocrx_word' id='word_1_58' title='bbox 1302 1338 1409 1406; x_wconf 87' lang='lat' dir='ltr'>salvos</span> <span class='ocrx_word' id='word_1_59' title='bbox 1425 1337 1546 1406; x_wconf 76' lang='lat' dir='ltr'>esseio</span> <span class='ocrx_word' id='word_1_60' title='bbox 1596 1335 1644 1404; x_wconf 91' lang='lat' dir='ltr'>his</span> 
     </span>
     <span class='ocr_line' id='line_1_8' title="bbox 457 1453 1644 1544; baseline -0.002 -24"><span class='ocrx_word' id='word_1_61' title='bbox 457 1453 602 1542; x_wconf 88' lang='lat' dir='ltr'>lacrymis</span> <span class='ocrx_word' id='word_1_62' title='bbox 623 1455 707 1522; x_wconf 91' lang='lat' dir='ltr'>cives</span> <span class='ocrx_word' id='word_1_63' title='bbox 722 1455 808 1537; x_wconf 87' lang='lat' dir='ltr'>victi,</span> <span class='ocrx_word' id='word_1_64' title='bbox 821 1453 965 1543; x_wconf 92' lang='lat' dir='ltr'>pandunt</span> <span class='ocrx_word' id='word_1_65' title='bbox 980 1455 1161 1524; x_wconf 88' lang='lat' dir='ltr'>Theutonis</span> <span class='ocrx_word' id='word_1_66' title='bbox 1174 1453 1258 1522; x_wconf 90' lang='lat' dir='ltr'>urbis</span> <span class='ocrx_word' id='word_1_67' title='bbox 1274 1473 1391 1544; x_wconf 86' lang='lat' dir='ltr'>portas.</span> <span class='ocrx_word' id='word_1_68' title='bbox 1437 1471 1514 1522; x_wconf 88' lang='lat' dir='ltr'>tunc</span> <span class='ocrx_word' id='word_1_69' title='bbox 1529 1473 1644 1520; x_wconf 89' lang='lat' dir='ltr'>omnes</span> 
     </span>
     <span class='ocr_line' id='line_1_9' title="bbox 458 1567 1645 1661; baseline -0.003 -25"><span class='ocrx_word' id='word_1_70' title='bbox 458 1569 702 1639; x_wconf 87' lang='lat' dir='ltr'>introducuntur</span> <span class='ocrx_word' id='word_1_71' title='bbox 720 1587 861 1640; x_wconf 87' lang='lat' dir='ltr'>extorres</span> <span class='ocrx_word' id='word_1_72' title='bbox 880 1590 912 1640; x_wconf 91' lang='lat' dir='ltr'>et</span> <span class='ocrx_word' id='word_1_73' title='bbox 930 1572 1135 1661; x_wconf 87' lang='lat' dir='ltr'>antiqnomm</span> <span class='ocrx_word' id='word_1_74' title='bbox 1154 1570 1286 1640; x_wconf 85' lang='lat' dir='ltr'>exulum</span> <span class='ocrx_word' id='word_1_75' title='bbox 1302 1587 1452 1638; x_wconf 87' lang='lat' dir='ltr'>natomm</span> <span class='ocrx_word' id='word_1_76' title='bbox 1470 1567 1546 1649; x_wconf 86' lang='lat' dir='ltr'>nati,</span> <span class='ocrx_word' id='word_1_77' title='bbox 1565 1588 1645 1657; x_wconf 91' lang='lat' dir='ltr'>quo-</span> 
     </span>
     <span class='ocr_line' id='line_1_10' title="bbox 458 1685 1737 1778; baseline 0.001 -26"><span class='ocrx_word' id='word_1_78' title='bbox 458 1709 529 1754; x_wconf 89' lang='lat' dir='ltr'>rum</span> <span class='ocrx_word' id='word_1_79' title='bbox 547 1685 689 1776; x_wconf 87' lang='lat' dir='ltr'>plerique</span> <span class='ocrx_word' id='word_1_80' title='bbox 708 1685 854 1756; x_wconf 80' lang='lat' dir='ltr'>nesciudt</span> <span class='ocrx_word' id='word_1_81' title='bbox 872 1686 988 1755; x_wconf 91' lang='lat' dir='ltr'>domos</span> <span class='ocrx_word' id='word_1_82' title='bbox 1006 1708 1079 1754; x_wconf 87' lang='lat' dir='ltr'>suas</span> <span class='ocrx_word' id='word_1_83' title='bbox 1093 1686 1138 1754; x_wconf 83' lang='lat'><strong>(²).</strong></span> <span class='ocrx_word' id='word_1_84' title='bbox 1674 1711 1737 1778; x_wconf 85' lang='lat'>355</span> 
     </span>
     <span class='ocr_line' id='line_1_11' title="bbox 525 1799 1646 1893; baseline -0.001 -25"><span class='ocrx_word' id='word_1_85' title='bbox 525 1803 568 1869; x_wconf 86' lang='lat' dir='ltr'>At</span> <span class='ocrx_word' id='word_1_86' title='bbox 581 1801 635 1870; x_wconf 92' lang='lat' dir='ltr'>ubi</span> <span class='ocrx_word' id='word_1_87' title='bbox 646 1825 702 1870; x_wconf 86' lang='lat' dir='ltr'>rex</span> <span class='ocrx_word' id='word_1_88' title='bbox 716 1801 857 1871; x_wconf 89' lang='lat' dir='ltr'>deditam</span> <span class='ocrx_word' id='word_1_89' title='bbox 869 1802 981 1870; x_wconf 88' lang='lat' dir='ltr'>urbem</span> <span class='ocrx_word' id='word_1_90' title='bbox 991 1803 1120 1893; x_wconf 87' lang='lat' dir='ltr'>recepit,</span> <span class='ocrx_word' id='word_1_91' title='bbox 1134 1803 1318 1884; x_wconf 87' lang='lat' dir='ltr'>exercitum,</span> <span class='ocrx_word' id='word_1_92' title='bbox 1333 1824 1430 1891; x_wconf 91' lang='lat' dir='ltr'>quem</span> <span class='ocrx_word' id='word_1_93' title='bbox 1444 1817 1553 1868; x_wconf 87' lang='lat' dir='ltr'>contra</span> <span class='ocrx_word' id='word_1_94' title='bbox 1565 1799 1646 1867; x_wconf 85' lang='lat' dir='ltr'>Lau-</span> 
     </span>
     <span class='ocr_line' id='line_1_12' title="bbox 460 1917 1646 2009; baseline -0.003 -21"><span class='ocrx_word' id='word_1_95' title='bbox 460 1917 573 1988; x_wconf 90' lang='lat' dir='ltr'>denses</span> <span class='ocrx_word' id='word_1_96' title='bbox 592 1917 741 2001; x_wconf 88' lang='lat' dir='ltr'>edixerat,</span> <span class='ocrx_word' id='word_1_97' title='bbox 760 1919 843 1988; x_wconf 93' lang='lat' dir='ltr'>illico</span> <span class='ocrx_word' id='word_1_98' title='bbox 863 1936 957 2009; x_wconf 90' lang='lat' dir='ltr'>atque</span> <span class='ocrx_word' id='word_1_99' title='bbox 977 1919 1143 1989; x_wconf 87' lang='lat' dir='ltr'>instantius</span> <span class='ocrx_word' id='word_1_100' title='bbox 1162 1921 1262 2008; x_wconf 84' lang='lat' dir='ltr'>parari</span> <span class='ocrx_word' id='word_1_101' title='bbox 1272 1919 1306 1976; x_wconf 82' lang='lat'>(¹)</span> <span class='ocrx_word' id='word_1_102' title='bbox 1326 1919 1425 2002; x_wconf 87' lang='lat' dir='ltr'>iussit,</span> <span class='ocrx_word' id='word_1_103' title='bbox 1445 1918 1646 1987; x_wconf 89' lang='lat' dir='ltr'>Cremonen·</span> 
     </span>
     <span class='ocr_line' id='line_1_13' title="bbox 460 2031 1647 2125; baseline -0.001 -25"><span class='ocrx_word' id='word_1_104' title='bbox 460 2034 546 2102; x_wconf 92' lang='lat' dir='ltr'>sibus</span> <span class='ocrx_word' id='word_1_105' title='bbox 569 2057 604 2102; x_wconf 86' lang='lat' dir='ltr'>ac</span> <span class='ocrx_word' id='word_1_106' title='bbox 620 2034 834 2103; x_wconf 83' lang='lat' dir='ltr'>brixiensibus</span> <span class='ocrx_word' id='word_1_107' title='bbox 849 2034 974 2124; x_wconf 90' lang='lat' dir='ltr'>publice</span> <span class='ocrx_word' id='word_1_108' title='bbox 989 2034 1132 2104; x_wconf 88' lang='lat' dir='ltr'>hostibus</span> <span class='ocrx_word' id='word_1_109' title='bbox 1148 2036 1317 2118; x_wconf 87' lang='lat' dir='ltr'>nunciatis,</span> <span class='ocrx_word' id='word_1_110' title='bbox 1333 2055 1470 2125; x_wconf 90' lang='lat' dir='ltr'>quornm</span> <span class='ocrx_word' id='word_1_111' title='bbox 1489 2055 1575 2101; x_wconf 85' lang='lat' dir='ltr'>nova</span> <span class='ocrx_word' id='word_1_112' title='bbox 1593 2031 1647 2099; x_wconf 90' lang='lat' dir='ltr'>de·</span> 
     </span>
     <span class='ocr_line' id='line_1_14' title="bbox 460 2145 1647 2239; baseline 0 -25"><span class='ocrx_word' id='word_1_113' title='bbox 460 2145 556 2216; x_wconf 87' lang='lat' dir='ltr'>sectio</span> <span class='ocrx_word' id='word_1_114' title='bbox 568 2149 708 2238; x_wconf 84' lang='lat' dir='ltr'>exagitat</span> <span class='ocrx_word' id='word_1_115' title='bbox 718 2149 857 2218; x_wconf 88' lang='lat' dir='ltr'>nimium</span> <span class='ocrx_word' id='word_1_116' title='bbox 869 2167 1012 2218; x_wconf 86' lang='lat' dir='ltr'>mentem</span> <span class='ocrx_word' id='word_1_117' title='bbox 1024 2149 1102 2218; x_wconf 88' lang='lat' dir='ltr'>eius.</span> <span class='ocrx_word' id='word_1_118' title='bbox 1132 2150 1248 2239; x_wconf 90' lang='lat' dir='ltr'>itaque,</span> <span class='ocrx_word' id='word_1_119' title='bbox 1262 2150 1371 2218; x_wconf 92' lang='lat' dir='ltr'>iterata</span> <span class='ocrx_word' id='word_1_120' title='bbox 1381 2149 1545 2239; x_wconf 90' lang='lat' dir='ltr'>praeconis</span> <span class='ocrx_word' id='word_1_121' title='bbox 1555 2167 1647 2229; x_wconf 88' lang='lat' dir='ltr'>voce,</span> 
     </span>
     <span class='ocr_line' id='line_1_15' title="bbox 461 2262 1744 2362; baseline -0.002 -31"><span class='ocrx_word' id='word_1_122' title='bbox 461 2263 594 2338; x_wconf 82' lang='lat' dir='ltr'>edicitur</span> <span class='ocrx_word' id='word_1_123' title='bbox 612 2266 645 2332; x_wconf 91' lang='lat' dir='ltr'>in</span> <span class='ocrx_word' id='word_1_124' title='bbox 668 2262 740 2333; x_wconf 88' lang='lat' dir='ltr'>foro</span> <span class='ocrx_word' id='word_1_125' title='bbox 766 2265 943 2357; x_wconf 74' lang='lat' dir='ltr'>iustitiuml</span> <span class='ocrx_word' id='word_1_126' title='bbox 961 2264 1105 2334; x_wconf 84' lang='lat' dir='ltr'>tabernas</span> <span class='ocrx_word' id='word_1_127' title='bbox 1130 2265 1261 2349; x_wconf 87' lang='lat' dir='ltr'>clausas,</span> <span class='ocrx_word' id='word_1_128' title='bbox 1284 2289 1363 2356; x_wconf 87' lang='lat' dir='ltr'>quas</span> <span class='ocrx_word' id='word_1_129' title='bbox 1381 2265 1534 2334; x_wconf 86' lang='lat' dir='ltr'>stationes</span> <span class='ocrx_word' id='word_1_130' title='bbox 1557 2285 1649 2331; x_wconf 82' lang='lat' dir='ltr'>voca·</span> <span class='ocrx_word' id='word_1_131' title='bbox 1678 2277 1744 2362; x_wconf 82' lang='lat'>360</span> 
     </span>
     <span class='ocr_line' id='line_1_16' title="bbox 461 2375 1649 2470; baseline 0.001 -26"><span class='ocrx_word' id='word_1_132' title='bbox 461 2399 544 2462; x_wconf 90' lang='lat' dir='ltr'>mus,</span> <span class='ocrx_word' id='word_1_133' title='bbox 562 2377 708 2446; x_wconf 87' lang='lat' dir='ltr'>victualia</span> <span class='ocrx_word' id='word_1_134' title='bbox 726 2396 832 2469; x_wconf 85' lang='lat' dir='ltr'>parata</span> <span class='ocrx_word' id='word_1_135' title='bbox 841 2379 886 2463; x_wconf 61' lang='lat' dir='ltr'>(b),</span> <span class='ocrx_word' id='word_1_136' title='bbox 907 2397 1000 2470; x_wconf 87' lang='lat' dir='ltr'>atque</span> <span class='ocrx_word' id='word_1_137' title='bbox 1013 2378 1159 2450; x_wconf 87' lang='lat' dir='ltr'>vehicula</span> <span class='ocrx_word' id='word_1_138' title='bbox 1178 2379 1259 2448; x_wconf 82' lang='lat' dir='ltr'>intra</span> <span class='ocrx_word' id='word_1_139' title='bbox 1274 2377 1386 2449; x_wconf 90' lang='lat' dir='ltr'>urbem</span> <span class='ocrx_word' id='word_1_140' title='bbox 1406 2401 1515 2448; x_wconf 89' lang='lat' dir='ltr'>coram</span> <span class='ocrx_word' id='word_1_141' title='bbox 1534 2375 1649 2447; x_wconf 85' lang='lat' dir='ltr'>officia·</span> 
     </span>
     <span class='ocr_line' id='line_1_17' title="bbox 460 2493 1650 2586; baseline -0.001 -26"><span class='ocrx_word' id='word_1_142' title='bbox 460 2493 542 2564; x_wconf 92' lang='lat' dir='ltr'>libus</span> <span class='ocrx_word' id='word_1_143' title='bbox 554 2493 594 2562; x_wconf 85' lang='lat' dir='ltr'>ad</span> <span class='ocrx_word' id='word_1_144' title='bbox 606 2493 669 2564; x_wconf 92' lang='lat' dir='ltr'>hoc</span> <span class='ocrx_word' id='word_1_145' title='bbox 684 2493 839 2585; x_wconf 86' lang='lat' dir='ltr'>deputatis</span> <span class='ocrx_word' id='word_1_146' title='bbox 854 2497 1056 2586; x_wconf 84' lang='lat' dir='ltr'>praesentari,</span> <span class='ocrx_word' id='word_1_147' title='bbox 1070 2513 1266 2584; x_wconf 88' lang='lat' dir='ltr'>cunctosque</span> <span class='ocrx_word' id='word_1_148' title='bbox 1277 2496 1331 2585; x_wconf 93' lang='lat' dir='ltr'>qui</span> <span class='ocrx_word' id='word_1_149' title='bbox 1346 2517 1402 2586; x_wconf 90' lang='lat' dir='ltr'>per</span> <span class='ocrx_word' id='word_1_150' title='bbox 1413 2511 1551 2563; x_wconf 86' lang='lat' dir='ltr'>aetatem</span> <span class='ocrx_word' id='word_1_151' title='bbox 1563 2514 1650 2560; x_wconf 90' lang='lat' dir='ltr'>arma</span> 
     </span>
     <span class='ocr_line' id='line_1_18' title="bbox 461 2609 1650 2703; baseline -0.003 -25"><span class='ocrx_word' id='word_1_152' title='bbox 461 2611 541 2680; x_wconf 88' lang='lat' dir='ltr'>ferre</span> <span class='ocrx_word' id='word_1_153' title='bbox 555 2629 700 2700; x_wconf 89' lang='lat' dir='ltr'>possunt,</span> <span class='ocrx_word' id='word_1_154' title='bbox 713 2611 801 2701; x_wconf 89' lang='lat' dir='ltr'>equis</span> <span class='ocrx_word' id='word_1_155' title='bbox 812 2629 845 2680; x_wconf 89' lang='lat' dir='ltr'>et</span> <span class='ocrx_word' id='word_1_156' title='bbox 857 2613 951 2680; x_wconf 87' lang='lat' dir='ltr'>armis</span> <span class='ocrx_word' id='word_1_157' title='bbox 963 2611 1049 2680; x_wconf 93' lang='lat' dir='ltr'>illico</span> <span class='ocrx_word' id='word_1_158' title='bbox 1061 2629 1186 2703; x_wconf 82' lang='lat' dir='ltr'>paratos</span> <span class='ocrx_word' id='word_1_159' title='bbox 1196 2633 1274 2685; x_wconf 85' lang='lat' dir='ltr'>esse.</span> <span class='ocrx_word' id='word_1_160' title='bbox 1321 2629 1397 2680; x_wconf 90' lang='lat' dir='ltr'>tunc</span> <span class='ocrx_word' id='word_1_161' title='bbox 1413 2629 1500 2678; x_wconf 89' lang='lat' dir='ltr'>tanta</span> <span class='ocrx_word' id='word_1_162' title='bbox 1515 2632 1556 2679; x_wconf 88' lang='lat' dir='ltr'>ex</span> <span class='ocrx_word' id='word_1_163' title='bbox 1568 2609 1650 2700; x_wconf 88' lang='lat' dir='ltr'>agris</span> 
     </span>
     <span class='ocr_line' id='line_1_19' title="bbox 462 2721 1650 2819; baseline -0.003 -25"><span class='ocrx_word' id='word_1_164' title='bbox 462 2727 494 2795; x_wconf 91' lang='lat' dir='ltr'>in</span> <span class='ocrx_word' id='word_1_165' title='bbox 510 2725 623 2794; x_wconf 91' lang='lat' dir='ltr'>urbem</span> <span class='ocrx_word' id='word_1_166' title='bbox 633 2725 944 2819; x_wconf 87' lang='lat' dir='ltr'>plaustrorum(que)</span> <span class='ocrx_word' id='word_1_167' title='bbox 961 2727 1052 2817; x_wconf 91' lang='lat' dir='ltr'>copia</span> <span class='ocrx_word' id='word_1_168' title='bbox 1063 2727 1243 2796; x_wconf 85' lang='lat' dir='ltr'>introducta</span> <span class='ocrx_word' id='word_1_169' title='bbox 1258 2747 1315 2810; x_wconf 90' lang='lat' dir='ltr'>est,</span> <span class='ocrx_word' id='word_1_170' title='bbox 1331 2745 1366 2796; x_wconf 91' lang='lat' dir='ltr'>ut</span> <span class='ocrx_word' id='word_1_171' title='bbox 1384 2749 1452 2796; x_wconf 91' lang='lat' dir='ltr'>non</span> <span class='ocrx_word' id='word_1_172' title='bbox 1468 2723 1568 2794; x_wconf 93' lang='lat' dir='ltr'>modo</span> <span class='ocrx_word' id='word_1_173' title='bbox 1582 2721 1650 2792; x_wconf 88' lang='lat' dir='ltr'>fora</span> 
     </span>
     <span class='ocr_line' id='line_1_20' title="bbox 463 2840 1743 2935; baseline -0.002 -27"><span class='ocrx_word' id='word_1_174' title='bbox 463 2859 495 2908; x_wconf 89' lang='lat' dir='ltr'>et</span> <span class='ocrx_word' id='word_1_175' title='bbox 512 2840 572 2908; x_wconf 86' lang='lat' dir='ltr'>alia</span> <span class='ocrx_word' id='word_1_176' title='bbox 582 2840 651 2908; x_wconf 89' lang='lat' dir='ltr'>loca</span> <span class='ocrx_word' id='word_1_177' title='bbox 664 2843 858 2924; x_wconf 91' lang='lat' dir='ltr'>communia,</span> <span class='ocrx_word' id='word_1_178' title='bbox 871 2865 985 2910; x_wconf 89' lang='lat' dir='ltr'>verum</span> <span class='ocrx_word' id='word_1_179' title='bbox 998 2841 1228 2911; x_wconf 90' lang='lat' dir='ltr'>coenobiorum</span> <span class='ocrx_word' id='word_1_180' title='bbox 1240 2859 1272 2910; x_wconf 88' lang='lat' dir='ltr'>et</span> <span class='ocrx_word' id='word_1_181' title='bbox 1283 2842 1416 2910; x_wconf 84' lang='lat' dir='ltr'>aliarum</span> <span class='ocrx_word' id='word_1_182' title='bbox 1431 2840 1651 2930; x_wconf 84' lang='lat' dir='ltr'>religiosarum</span> <span class='ocrx_word' id='word_1_183' title='bbox 1681 2851 1743 2935; x_wconf 84' lang='lat'>365</span> 
     </span>
     <span class='ocr_line' id='line_1_21' title="bbox 464 2953 1652 3049; baseline -0.001 -25"><span class='ocrx_word' id='word_1_184' title='bbox 464 2955 637 3025; x_wconf 88' lang='lat' dir='ltr'>domomm</span> <span class='ocrx_word' id='word_1_185' title='bbox 651 2957 753 3046; x_wconf 87' lang='lat' dir='ltr'>spatia</span> <span class='ocrx_word' id='word_1_186' title='bbox 768 2957 914 3046; x_wconf 84' lang='lat' dir='ltr'>plaustris</span> <span class='ocrx_word' id='word_1_187' title='bbox 930 2957 1015 3026; x_wconf 91' lang='lat' dir='ltr'>illico</span> <span class='ocrx_word' id='word_1_188' title='bbox 1030 2958 1123 3049; x_wconf 85' lang='lat' dir='ltr'>plena</span> <span class='ocrx_word' id='word_1_189' title='bbox 1137 2957 1228 3027; x_wconf 88' lang='lat' dir='ltr'>fiunt.</span> <span class='ocrx_word' id='word_1_190' title='bbox 1273 2959 1391 3048; x_wconf 90' lang='lat' dir='ltr'>quippe</span> <span class='ocrx_word' id='word_1_191' title='bbox 1408 2957 1448 3025; x_wconf 86' lang='lat' dir='ltr'>ad</span> <span class='ocrx_word' id='word_1_192' title='bbox 1463 2956 1527 3026; x_wconf 91' lang='lat' dir='ltr'>hoc</span> <span class='ocrx_word' id='word_1_193' title='bbox 1543 2953 1652 3024; x_wconf 90' lang='lat' dir='ltr'>confe-</span> 
     </span>
     <span class='ocr_line' id='line_1_22' title="bbox 464 3073 1653 3168; baseline -0.002 -25"><span class='ocrx_word' id='word_1_194' title='bbox 464 3093 538 3143; x_wconf 90' lang='lat' dir='ltr'>runt</span> <span class='ocrx_word' id='word_1_195' title='bbox 569 3073 744 3164; x_wconf 89' lang='lat' dir='ltr'>burgorum</span> <span class='ocrx_word' id='word_1_196' title='bbox 774 3093 868 3166; x_wconf 91' lang='lat' dir='ltr'>atque</span> <span class='ocrx_word' id='word_1_197' title='bbox 896 3075 1091 3168; x_wconf 90' lang='lat' dir='ltr'>oppidorum</span> <span class='ocrx_word' id='word_1_198' title='bbox 1120 3077 1317 3158; x_wconf 91' lang='lat' dir='ltr'>communia,</span> <span class='ocrx_word' id='word_1_199' title='bbox 1345 3075 1470 3165; x_wconf 93' lang='lat' dir='ltr'>quibus,</span> <span class='ocrx_word' id='word_1_200' title='bbox 1498 3073 1653 3163; x_wconf 90' lang='lat' dir='ltr'>obsequio</span> 
     </span>
     <span class='ocr_line' id='line_1_23' title="bbox 465 3187 1654 3280; baseline -0.003 -24"><span class='ocrx_word' id='word_1_201' title='bbox 465 3189 558 3278; x_wconf 85' lang='lat' dir='ltr'>regis,</span> <span class='ocrx_word' id='word_1_202' title='bbox 577 3189 665 3279; x_wconf 91' lang='lat' dir='ltr'>quod</span> <span class='ocrx_word' id='word_1_203' title='bbox 683 3189 810 3258; x_wconf 89' lang='lat' dir='ltr'>insolita</span> <span class='ocrx_word' id='word_1_204' title='bbox 828 3206 922 3280; x_wconf 85' lang='lat' dir='ltr'>atque</span> <span class='ocrx_word' id='word_1_205' title='bbox 941 3211 1026 3257; x_wconf 90' lang='lat' dir='ltr'>nova</span> <span class='ocrx_word' id='word_1_206' title='bbox 1044 3213 1093 3257; x_wconf 89' lang='lat' dir='ltr'>res</span> <span class='ocrx_word' id='word_1_207' title='bbox 1109 3208 1168 3272; x_wconf 87' lang='lat' dir='ltr'>est,</span> <span class='ocrx_word' id='word_1_208' title='bbox 1186 3189 1384 3272; x_wconf 89' lang='lat' dir='ltr'>immunitas,</span> <span class='ocrx_word' id='word_1_209' title='bbox 1400 3207 1432 3258; x_wconf 91' lang='lat' dir='ltr'>et</span> <span class='ocrx_word' id='word_1_210' title='bbox 1450 3191 1579 3278; x_wconf 90' lang='lat' dir='ltr'>antiqua</span> <span class='ocrx_word' id='word_1_211' title='bbox 1593 3187 1654 3277; x_wconf 92' lang='lat' dir='ltr'>pri-</span> 
     </span>
     <span class='ocr_line' id='line_1_24' title="bbox 465 3301 1655 3394; baseline -0.001 -24"><span class='ocrx_word' id='word_1_212' title='bbox 465 3302 582 3392; x_wconf 88' lang='lat' dir='ltr'>vilegia</span> <span class='ocrx_word' id='word_1_213' title='bbox 593 3301 673 3371; x_wconf 91' lang='lat' dir='ltr'>nihil</span> <span class='ocrx_word' id='word_1_214' title='bbox 686 3320 831 3393; x_wconf 87' lang='lat' dir='ltr'>prosunt,</span> <span class='ocrx_word' id='word_1_215' title='bbox 840 3303 918 3393; x_wconf 90' lang='lat' dir='ltr'>quin</span> <span class='ocrx_word' id='word_1_216' title='bbox 930 3301 962 3372; x_wconf 93' lang='lat' dir='ltr'>id</span> <span class='ocrx_word' id='word_1_217' title='bbox 974 3325 1070 3394; x_wconf 87' lang='lat' dir='ltr'>grave</span> <span class='ocrx_word' id='word_1_218' title='bbox 1083 3325 1210 3394; x_wconf 88' lang='lat' dir='ltr'>semper</span> <span class='ocrx_word' id='word_1_219' title='bbox 1224 3325 1308 3373; x_wconf 90' lang='lat' dir='ltr'>onus</span> <span class='ocrx_word' id='word_1_220' title='bbox 1320 3305 1455 3386; x_wconf 89' lang='lat' dir='ltr'>rusticis,</span> <span class='ocrx_word' id='word_1_221' title='bbox 1465 3325 1578 3372; x_wconf 88' lang='lat' dir='ltr'>verum</span> <span class='ocrx_word' id='word_1_222' title='bbox 1592 3302 1655 3371; x_wconf 90' lang='lat' dir='ltr'>hoc</span> 
     </span>
     <span class='ocr_line' id='line_1_25' title="bbox 466 3414 1749 3510; baseline 0.003 -26"><span class='ocrx_word' id='word_1_223' title='bbox 466 3433 611 3506; x_wconf 90' lang='lat' dir='ltr'>tempore</span> <span class='ocrx_word' id='word_1_224' title='bbox 628 3416 723 3484; x_wconf 90' lang='lat' dir='ltr'>solito</span> <span class='ocrx_word' id='word_1_225' title='bbox 739 3415 848 3485; x_wconf 90' lang='lat' dir='ltr'>durius</span> <span class='ocrx_word' id='word_1_226' title='bbox 866 3419 1012 3484; x_wconf 83' lang='lat' dir='ltr'>maximo</span> <span class='ocrx_word' id='word_1_227' title='bbox 1028 3414 1148 3485; x_wconf 90' lang='lat' dir='ltr'>damno</span> <span class='ocrx_word' id='word_1_228' title='bbox 1171 3416 1285 3486; x_wconf 87' lang='lat' dir='ltr'>ferunt.</span> <span class='ocrx_word' id='word_1_229' title='bbox 1332 3439 1408 3486; x_wconf 89' lang='lat' dir='ltr'>nam</span> <span class='ocrx_word' id='word_1_230' title='bbox 1427 3415 1595 3484; x_wconf 89' lang='lat' dir='ltr'>Theutoni</span> <span class='ocrx_word' id='word_1_231' title='bbox 1609 3414 1653 3498; x_wconf 74' lang='lat'>(⁶),</span> <span class='ocrx_word' id='word_1_232' title='bbox 1683 3441 1749 3510; x_wconf 84' lang='lat'>370</span> 
     </span>
     <span class='ocr_line' id='line_1_26' title="bbox 466 3527 1655 3622; baseline -0.003 -24"><span class='ocrx_word' id='word_1_233' title='bbox 466 3547 637 3620; x_wconf 85' lang='lat' dir='ltr'>postquam</span> <span class='ocrx_word' id='word_1_234' title='bbox 662 3529 774 3598; x_wconf 87' lang='lat' dir='ltr'>urbem</span> <span class='ocrx_word' id='word_1_235' title='bbox 805 3529 944 3620; x_wconf 90' lang='lat' dir='ltr'>undique</span> <span class='ocrx_word' id='word_1_236' title='bbox 970 3529 1146 3620; x_wconf 76' lang='lat' dir='ltr'>vehiculisl</span> <span class='ocrx_word' id='word_1_237' title='bbox 1165 3531 1294 3622; x_wconf 90' lang='lat' dir='ltr'>plenam</span> <span class='ocrx_word' id='word_1_238' title='bbox 1321 3529 1441 3614; x_wconf 89' lang='lat' dir='ltr'>vident,</span> <span class='ocrx_word' id='word_1_239' title='bbox 1466 3552 1532 3598; x_wconf 89' lang='lat' dir='ltr'>non</span> <span class='ocrx_word' id='word_1_240' title='bbox 1555 3527 1655 3596; x_wconf 92' lang='lat' dir='ltr'>modo</span> 
     </span>
    </p>
   </div>
   <div class='ocr_carea' id='block_1_3' title="bbox 468 3772 1658 3992">
    <p class='ocr_par' dir='ltr' id='par_1_3' title="bbox 468 3772 1658 3992">
     <span class='ocr_line' id='line_1_27' title="bbox 522 3772 1657 3834; baseline 0 -16"><span class='ocrx_word' id='word_1_241' title='bbox 522 3774 551 3830; x_wconf 86' lang='lat' dir='ltr'>(r)</span> <span class='ocrx_word' id='word_1_242' title='bbox 566 3773 627 3820; x_wconf 79' lang='lat' dir='ltr'>Mur.</span> <span class='ocrx_word' id='word_1_243' title='bbox 641 3773 717 3831; x_wconf 80' lang='lat' dir='ltr'>pacari</span> <span class='ocrx_word' id='word_1_244' title='bbox 771 3775 804 3832; x_wconf 80' lang='lat' dir='ltr'>(b)</span> <span class='ocrx_word' id='word_1_245' title='bbox 814 3773 875 3820; x_wconf 79' lang='lat' dir='ltr'>Mur.</span> <span class='ocrx_word' id='word_1_246' title='bbox 889 3781 970 3832; x_wconf 76' lang='lat' dir='ltr'>pacato</span> <span class='ocrx_word' id='word_1_247' title='bbox 1037 3776 1068 3833; x_wconf 83' lang='lat' dir='ltr'>(c)</span> <span class='ocrx_word' id='word_1_248' title='bbox 1083 3775 1126 3822; x_wconf 78' lang='lat' dir='ltr'>Bb</span> <span class='ocrx_word' id='word_1_249' title='bbox 1139 3773 1194 3834; x_wconf 83' lang='lat' dir='ltr'>quin</span> <span class='ocrx_word' id='word_1_250' title='bbox 1208 3773 1347 3820; x_wconf 71' lang='lat' dir='ltr'>vertent-ru</span> <span class='ocrx_word' id='word_1_251' title='bbox 1356 3772 1473 3832; x_wconf 66' lang='lat' dir='ltr'>obrequln</span> <span class='ocrx_word' id='word_1_252' title='bbox 1486 3785 1557 3831; x_wconf 68' lang='lat' dir='ltr'>mre</span> <span class='ocrx_word' id='word_1_253' title='bbox 1569 3783 1657 3829; x_wconf 76' lang='lat' dir='ltr'>ceroper</span> 
     </span>
     <span class='ocr_line' id='line_1_28' title="bbox 468 3852 1658 3914; baseline -0.002 -16"><span class='ocrx_word' id='word_1_254' title='bbox 468 3865 526 3898; x_wconf 81' lang='lat' dir='ltr'>ouur</span> <span class='ocrx_word' id='word_1_255' title='bbox 538 3853 629 3900; x_wconf 75' lang='lat' dir='ltr'>rusticiu</span> <span class='ocrx_word' id='word_1_256' title='bbox 638 3854 747 3908; x_wconf 78' lang='lat' dir='ltr'>villar-nm,</span> <span class='ocrx_word' id='word_1_257' title='bbox 756 3861 995 3914; x_wconf 62' lang='lat' dir='ltr'>montemacutum</span> <span class='ocrx_word' id='word_1_258' title='bbox 1014 3867 1092 3902; x_wconf 84' lang='lat' dir='ltr'>rerunt</span> <span class='ocrx_word' id='word_1_259' title='bbox 1101 3855 1145 3902; x_wconf 84' lang='lat' dir='ltr'>hoc</span> <span class='ocrx_word' id='word_1_260' title='bbox 1153 3863 1252 3914; x_wconf 75' lang='lat' dir='ltr'>tempore</span> <span class='ocrx_word' id='word_1_261' title='bbox 1259 3853 1449 3902; x_wconf 79' lang='lat' dir='ltr'>rolitoduriunc</span> <span class='ocrx_word' id='word_1_262' title='bbox 1458 3852 1658 3900; x_wconf 78' lang='lat' dir='ltr'>maximoconcto·</span> 
     </span>
     <span class='ocr_line' id='line_1_29' title="bbox 469 3933 1552 3992; baseline 0.001 -14"><span class='ocrx_word' id='word_1_263' title='bbox 469 3945 519 3978; x_wconf 87' lang='lat' dir='ltr'>rum</span> <span class='ocrx_word' id='word_1_264' title='bbox 528 3933 683 3992; x_wconf 74' lang='lat' dir='ltr'>burgeoslurn,</span> <span class='ocrx_word' id='word_1_265' title='bbox 697 3933 859 3992; x_wconf 78' lang='lat' dir='ltr'>oppidanorum</span> <span class='ocrx_word' id='word_1_266' title='bbox 872 3947 899 3980; x_wconf 81' lang='lat' dir='ltr'>ac</span> <span class='ocrx_word' id='word_1_267' title='bbox 912 3935 1048 3981; x_wconf 82' lang='lat' dir='ltr'>rustlcorum</span> <span class='ocrx_word' id='word_1_268' title='bbox 1061 3935 1145 3981; x_wconf 70' lang='lat' dir='ltr'>donno</span> <span class='ocrx_word' id='word_1_269' title='bbox 1160 3935 1215 3982; x_wconf 85' lang='lat' dir='ltr'>illud</span> <span class='ocrx_word' id='word_1_270' title='bbox 1228 3947 1287 3981; x_wconf 85' lang='lat' dir='ltr'>onor</span> <span class='ocrx_word' id='word_1_271' title='bbox 1301 3933 1356 3988; x_wconf 64' lang='lat' dir='ltr'>inlu</span> <span class='ocrx_word' id='word_1_272' title='bbox 1369 3947 1423 3982; x_wconf 84' lang='lat' dir='ltr'>nam</span> <span class='ocrx_word' id='word_1_273' title='bbox 1437 3933 1552 3981; x_wconf 87' lang='lat' dir='ltr'>Theutonl</span> 
     </span>
    </p>
   </div>
   <div class='ocr_carea' id='block_1_4' title="bbox 470 4146 1662 4897">
    <p class='ocr_par' dir='ltr' id='par_1_4' title="bbox 470 4146 1660 4394">
     <span class='ocr_line' id='line_1_30' title="bbox 505 4146 1659 4225; baseline 0.003 -23"><span class='ocrx_word' id='word_1_274' title='bbox 505 4146 634 4220; x_wconf 83' lang='lat' dir='ltr'>(1)Ci.in</span> <span class='ocrx_word' id='word_1_275' title='bbox 646 4148 788 4222; x_wconf 80' lang='lat' dir='ltr'>proposito</span> <span class='ocrx_word' id='word_1_276' title='bbox 799 4149 876 4204; x_wconf 86' lang='lat' dir='ltr'>l&#39;atro</span> <span class='ocrx_word' id='word_1_277' title='bbox 891 4149 963 4206; x_wconf 88' lang='lat' dir='ltr'>della</span> <span class='ocrx_word' id='word_1_278' title='bbox 974 4151 1045 4224; x_wconf 88' lang='lat' dir='ltr'>paci·</span> <span class='ocrx_word' id='word_1_279' title='bbox 1089 4151 1151 4225; x_wconf 83' lang='lat'>898,</span> <span class='ocrx_word' id='word_1_280' title='bbox 1166 4151 1217 4206; x_wconf 89' lang='lat' dir='ltr'>che</span> <span class='ocrx_word' id='word_1_281' title='bbox 1232 4168 1248 4206; x_wconf 80' lang='lat' dir='ltr'>a</span> <span class='ocrx_word' id='word_1_282' title='bbox 1262 4150 1403 4224; x_wconf 89' lang='lat' dir='ltr'>proposito</span> <span class='ocrx_word' id='word_1_283' title='bbox 1418 4149 1462 4206; x_wconf 89' lang='lat' dir='ltr'>del</span> <span class='ocrx_word' id='word_1_284' title='bbox 1474 4149 1596 4222; x_wconf 88' lang='lat' dir='ltr'>pericolo</span> <span class='ocrx_word' id='word_1_285' title='bbox 1611 4149 1659 4205; x_wconf 92' lang='lat' dir='ltr'>mi·</span> 
     </span>
     <span class='ocr_line' id='line_1_31' title="bbox 470 4231 1658 4307; baseline 0.002 -20"><span class='ocrx_word' id='word_1_286' title='bbox 470 4231 1043 4307; x_wconf 81' lang='lat' dir='ltr'>ficarionediLodlpobblicatoeillustrato</span> <span class='ocrx_word' id='word_1_287' title='bbox 1089 4235 1230 4292; x_wconf 88' lang='lat' dir='ltr'>nacciante</span> <span class='ocrx_word' id='word_1_288' title='bbox 1257 4235 1328 4291; x_wconf 89' lang='lat' dir='ltr'>Lodi</span> <span class='ocrx_word' id='word_1_289' title='bbox 1357 4235 1468 4290; x_wconf 83' lang='lat' dir='ltr'>scrisse:</span> <span class='ocrx_word' id='word_1_290' title='bbox 1498 4233 1658 4306; x_wconf 78' lang='lat' dir='ltr'>«praedicta</span> 
     </span>
     <span class='ocr_line' id='line_1_32' title="bbox 471 4317 1660 4394; baseline 0.001 -22"><span class='ocrx_word' id='word_1_291' title='bbox 471 4317 658 4384; x_wconf 72' lang='lat' dir='ltr'>dawinum,</span> <span class='ocrx_word' id='word_1_292' title='bbox 673 4334 718 4392; x_wconf 91' lang='lat' dir='ltr'>op.</span> <span class='ocrx_word' id='word_1_293' title='bbox 732 4319 778 4376; x_wconf 90' lang='lat' dir='ltr'>cit.</span> <span class='ocrx_word' id='word_1_294' title='bbox 791 4319 838 4386; x_wconf 84' lang='lat'>111,</span> <span class='ocrx_word' id='word_1_295' title='bbox 852 4336 968 4378; x_wconf 87' lang='lat' dir='ltr'>xcvrne</span> <span class='ocrx_word' id='word_1_296' title='bbox 983 4339 1042 4394; x_wconf 81' lang='lat' dir='ltr'>tgg.</span> <span class='ocrx_word' id='word_1_297' title='bbox 1089 4341 1104 4372; x_wconf 82' lang='grc' dir='ltr'>ι</span> <span class='ocrx_word' id='word_1_298' title='bbox 1114 4333 1174 4376; x_wconf 83' lang='lat' dir='ltr'>acra</span> <span class='ocrx_word' id='word_1_299' title='bbox 1192 4333 1255 4377; x_wconf 83' lang='lat' dir='ltr'>aunt</span> <span class='ocrx_word' id='word_1_300' title='bbox 1273 4321 1345 4377; x_wconf 86' lang='lat' dir='ltr'>circa</span> <span class='ocrx_word' id='word_1_301' title='bbox 1370 4319 1453 4376; x_wconf 86' lang='lat' dir='ltr'>finem</span> <span class='ocrx_word' id='word_1_302' title='bbox 1479 4319 1660 4392; x_wconf 78' lang='lat' dir='ltr'>Quadragesi·</span> 
     </span>
    </p>

    <p class='ocr_par' dir='ltr' id='par_1_5' title="bbox 471 4401 1662 4897">
     <span class='ocr_line' id='line_1_33' title="bbox 506 4401 1659 4478; baseline 0 -22"><span class='ocrx_word' id='word_1_303' title='bbox 506 4403 549 4474; x_wconf 88' lang='lat'>(2)</span> <span class='ocrx_word' id='word_1_304' title='bbox 565 4403 664 4470; x_wconf 81' lang='lat' dir='ltr'>Questi</span> <span class='ocrx_word' id='word_1_305' title='bbox 681 4403 740 4458; x_wconf 81' lang='lat' dir='ltr'>fatti</span> <span class='ocrx_word' id='word_1_306' title='bbox 756 4405 858 4478; x_wconf 78' lang='lat' dir='ltr'>esposti</span> <span class='ocrx_word' id='word_1_307' title='bbox 873 4404 917 4460; x_wconf 83' lang='lat' dir='ltr'>dal</span> <span class='ocrx_word' id='word_1_308' title='bbox 936 4407 969 4463; x_wconf 92' lang='lat' dir='ltr'>C.</span> <span class='ocrx_word' id='word_1_309' title='bbox 989 4423 1042 4462; x_wconf 90' lang='lat' dir='ltr'>con</span> <span class='ocrx_word' id='word_1_310' title='bbox 1088 4421 1174 4460; x_wconf 78' lang='lat' dir='ltr'>«mae</span> <span class='ocrx_word' id='word_1_311' title='bbox 1185 4425 1213 4472; x_wconf 77' lang='lat' dir='ltr'>a;</span> <span class='ocrx_word' id='word_1_312' title='bbox 1226 4404 1479 4472; x_wconf 83' lang='lat' dir='ltr'>insatti,amezzoil</span> <span class='ocrx_word' id='word_1_313' title='bbox 1490 4421 1549 4476; x_wconf 82' lang='lat' dir='ltr'>cap.</span> <span class='ocrx_word' id='word_1_314' title='bbox 1559 4401 1659 4470; x_wconf 84' lang='lat' dir='ltr'>XXIX,</span> 
     </span>
     <span class='ocr_line' id='line_1_34' title="bbox 471 4485 1659 4562; baseline 0.003 -21"><span class='ocrx_word' id='word_1_315' title='bbox 471 4498 545 4541; x_wconf 73' lang='lat' dir='ltr'>unta</span> <span class='ocrx_word' id='word_1_316' title='bbox 557 4486 666 4541; x_wconf 77' lang='lat' dir='ltr'>viverra</span> <span class='ocrx_word' id='word_1_317' title='bbox 681 4485 859 4542; x_wconf 84' lang='lat' dir='ltr'>drammatica</span> <span class='ocrx_word' id='word_1_318' title='bbox 871 4489 893 4542; x_wconf 88' lang='lat' dir='ltr'>si</span> <span class='ocrx_word' id='word_1_319' title='bbox 903 4488 1041 4560; x_wconf 81' lang='lat' dir='ltr'>riporrano</span> <span class='ocrx_word' id='word_1_320' title='bbox 1086 4487 1106 4543; x_wconf 92' lang='lat' dir='ltr'>il</span> <span class='ocrx_word' id='word_1_321' title='bbox 1116 4487 1149 4544; x_wconf 90' lang='lat' dir='ltr'>C.</span> <span class='ocrx_word' id='word_1_322' title='bbox 1162 4489 1236 4562; x_wconf 90' lang='lat' dir='ltr'>dopo</span> <span class='ocrx_word' id='word_1_323' title='bbox 1252 4505 1332 4544; x_wconf 83' lang='lat' dir='ltr'>avere</span> <span class='ocrx_word' id='word_1_324' title='bbox 1344 4501 1495 4544; x_wconf 76' lang='lat' dir='ltr'>accennare</span> <span class='ocrx_word' id='word_1_325' title='bbox 1510 4489 1537 4543; x_wconf 81' lang='lat' dir='ltr'>al</span> <span class='ocrx_word' id='word_1_326' title='bbox 1549 4487 1659 4560; x_wconf 80' lang='lat' dir='ltr'>viaggio</span> 
     </span>
     <span class='ocr_line' id='line_1_35' title="bbox 472 4567 1662 4643; baseline 0.003 -21"><span class='ocrx_word' id='word_1_327' title='bbox 472 4567 526 4638; x_wconf 78' lang='lat' dir='ltr'>agli</span> <span class='ocrx_word' id='word_1_328' title='bbox 544 4568 632 4624; x_wconf 86' lang='lat' dir='ltr'>ultimi</span> <span class='ocrx_word' id='word_1_329' title='bbox 654 4569 745 4641; x_wconf 81' lang='lat' dir='ltr'>giomi</span> <span class='ocrx_word' id='word_1_330' title='bbox 769 4571 797 4624; x_wconf 90' lang='lat' dir='ltr'>di</span> <span class='ocrx_word' id='word_1_331' title='bbox 820 4573 973 4643; x_wconf 78' lang='lat' dir='ltr'>quaresima</span> <span class='ocrx_word' id='word_1_332' title='bbox 998 4572 1042 4627; x_wconf 90' lang='lat' dir='ltr'>del</span> <span class='ocrx_word' id='word_1_333' title='bbox 1087 4573 1114 4626; x_wconf 90' lang='lat' dir='ltr'>di</span> <span class='ocrx_word' id='word_1_334' title='bbox 1129 4571 1228 4628; x_wconf 86' lang='lat' dir='ltr'>Enrico</span> <span class='ocrx_word' id='word_1_335' title='bbox 1240 4571 1292 4627; x_wconf 90' lang='lat' dir='ltr'>VII</span> <span class='ocrx_word' id='word_1_336' title='bbox 1308 4573 1429 4642; x_wconf 71' lang='lat' dir='ltr'>aanin,</span> <span class='ocrx_word' id='word_1_337' title='bbox 1442 4589 1458 4628; x_wconf 86' lang='lat' dir='ltr'>e</span> <span class='ocrx_word' id='word_1_338' title='bbox 1470 4571 1662 4628; x_wconf 81' lang='lat' dir='ltr'>allaconcilia·</span> 
     </span>
     <span class='ocr_line' id='line_1_36' title="bbox 476 4651 1661 4726; baseline 0.003 -22"><span class='ocrx_word' id='word_1_339' title='bbox 476 4665 548 4722; x_wconf 78' lang='lat'>¹3¹¹·</span> <span class='ocrx_word' id='word_1_340' title='bbox 583 4651 624 4706; x_wconf 91' lang='lat' dir='ltr'>Lo</span> <span class='ocrx_word' id='word_1_341' title='bbox 646 4669 768 4726; x_wconf 82' lang='lat' dir='ltr'>provaoo</span> <span class='ocrx_word' id='word_1_342' title='bbox 786 4653 901 4710; x_wconf 84' lang='lat' dir='ltr'>l&#39;ordine</span> <span class='ocrx_word' id='word_1_343' title='bbox 919 4654 964 4710; x_wconf 88' lang='lat' dir='ltr'>del</span> <span class='ocrx_word' id='word_1_344' title='bbox 987 4671 1044 4710; x_wconf 82' lang='lat' dir='ltr'>rac·</span> <span class='ocrx_word' id='word_1_345' title='bbox 1088 4656 1166 4711; x_wconf 77' lang='lat' dir='ltr'>aione</span> <span class='ocrx_word' id='word_1_346' title='bbox 1181 4655 1208 4710; x_wconf 84' lang='lat' dir='ltr'>di</span> <span class='ocrx_word' id='word_1_347' title='bbox 1227 4655 1266 4710; x_wconf 89' lang='lat' dir='ltr'>lui</span> <span class='ocrx_word' id='word_1_348' title='bbox 1280 4672 1334 4712; x_wconf 87' lang='lat' dir='ltr'>con</span> <span class='ocrx_word' id='word_1_349' title='bbox 1348 4656 1452 4713; x_wconf 86' lang='lat' dir='ltr'>Matteo</span> <span class='ocrx_word' id='word_1_350' title='bbox 1467 4655 1600 4724; x_wconf 81' lang='lat' dir='ltr'>visconti,</span> <span class='ocrx_word' id='word_1_351' title='bbox 1614 4671 1661 4710; x_wconf 78' lang='lat' dir='ltr'>as-</span> 
     </span>
     <span class='ocr_line' id='line_1_37' title="bbox 472 4735 1661 4811; baseline 0.006 -24"><span class='ocrx_word' id='word_1_352' title='bbox 472 4747 555 4788; x_wconf 88' lang='lat' dir='ltr'>conto</span> <span class='ocrx_word' id='word_1_353' title='bbox 570 4735 643 4790; x_wconf 88' lang='lat' dir='ltr'>nella</span> <span class='ocrx_word' id='word_1_354' title='bbox 656 4750 751 4793; x_wconf 84' lang='lat' dir='ltr'>nostra</span> <span class='ocrx_word' id='word_1_355' title='bbox 766 4754 892 4804; x_wconf 82' lang='lat' dir='ltr'>cronaca,</span> <span class='ocrx_word' id='word_1_356' title='bbox 912 4755 926 4793; x_wconf 89' lang='lat' dir='ltr'>e</span> <span class='ocrx_word' id='word_1_357' title='bbox 945 4739 972 4793; x_wconf 86' lang='lat' dir='ltr'>la</span> <span class='ocrx_word' id='word_1_358' title='bbox 986 4755 1043 4811; x_wconf 89' lang='lat' dir='ltr'>pre·</span> <span class='ocrx_word' id='word_1_359' title='bbox 1086 4751 1176 4794; x_wconf 82' lang='lat' dir='ltr'>verte:</span> <span class='ocrx_word' id='word_1_360' title='bbox 1199 4760 1214 4790; x_wconf 75' lang='lat' dir='ltr'>c</span> <span class='ocrx_word' id='word_1_361' title='bbox 1226 4738 1269 4794; x_wconf 79' lang='lat' dir='ltr'>Ad</span> <span class='ocrx_word' id='word_1_362' title='bbox 1287 4738 1340 4795; x_wconf 83' lang='lat' dir='ltr'>alia</span> <span class='ocrx_word' id='word_1_363' title='bbox 1358 4741 1553 4796; x_wconf 83' lang='lat' dir='ltr'>transeundum</span> <span class='ocrx_word' id='word_1_364' title='bbox 1572 4753 1612 4796; x_wconf 81' lang='lat' dir='ltr'>ert</span> <span class='ocrx_word' id='word_1_365' title='bbox 1631 4749 1661 4794; x_wconf 88' lang='lat' dir='ltr'>ut</span> 
     </span>
     <span class='ocr_line' id='line_1_38' title="bbox 471 4817 1581 4897; baseline 0.009 -25"><span class='ocrx_word' id='word_1_366' title='bbox 471 4817 545 4872; x_wconf 81' lang='lat' dir='ltr'>alosa</span> <span class='ocrx_word' id='word_1_367' title='bbox 573 4819 780 4876; x_wconf 73' lang='lat' dir='ltr'>testimonianze</span> <span class='ocrx_word' id='word_1_368' title='bbox 811 4820 838 4877; x_wconf 80' lang='lat' dir='ltr'>ct</span> <span class='ocrx_word' id='word_1_369' title='bbox 865 4821 930 4878; x_wconf 78' lang='lat' dir='ltr'>Nic.</span> <span class='ocrx_word' id='word_1_370' title='bbox 952 4823 1042 4878; x_wconf 68' lang='lat' dir='ltr'>Bora.</span> <span class='ocrx_word' id='word_1_371' title='bbox 1089 4823 1181 4880; x_wconf 78' lang='lat' dir='ltr'>«haec</span> <span class='ocrx_word' id='word_1_372' title='bbox 1196 4825 1284 4897; x_wconf 82' lang='lat' dir='ltr'>aptius</span> <span class='ocrx_word' id='word_1_373' title='bbox 1303 4823 1382 4880; x_wconf 90' lang='lat' dir='ltr'>nobis</span> <span class='ocrx_word' id='word_1_374' title='bbox 1401 4837 1547 4880; x_wconf 88' lang='lat' dir='ltr'>occurrant</span> <span class='ocrx_word' id='word_1_375' title='bbox 1557 4845 1581 4882; x_wconf 77' lang='lat' dir='ltr'>a.</span> 
     </span>
    </p>
   </div>
   <div class='ocr_carea' id='block_1_5' title="bbox 0 0 1964 5884">
    <p class='ocr_par' dir='ltr' id='par_1_6' title="bbox 0 0 1964 5884">
     <span class='ocr_line' id='line_1_39' title="bbox 0 0 1964 5884; baseline 0 0"><span class='ocrx_word' id='word_1_376' title='bbox 0 0 1964 5884; x_wconf 95' lang='lat' dir='ltr'> </span> 
     </span>
    </p>
   </div>
  </div>
 </body>
</html>
