<?xml version="1.0" encoding="UTF-8"?>
<!DOCTYPE html PUBLIC "-//W3C//DTD XHTML 1.0 Transitional//EN"
    "http://www.w3.org/TR/xhtml1/DTD/xhtml1-transitional.dtd">
<html xmlns="http://www.w3.org/1999/xhtml" xml:lang="en" lang="en">
 <head>
  <title>
</title>
<meta http-equiv="Content-Type" content="text/html;charset=utf-8" />
  <meta name='ocr-system' content='tesseract 3.04.00' />
  <meta name='ocr-capabilities' content='ocr_page ocr_carea ocr_par ocr_line ocrx_word'/>
</head>
<body>
  <div class='ocr_page' id='page_1' title='image "./historiaiohanni01farrgoog_0095.png"; bbox 0 0 3860 5884; ppageno 0'>
   <div class='ocr_carea' id='block_1_1' title="bbox 631 517 1448 592">
    <p class='ocr_par' dir='ltr' id='par_1_1' title="bbox 631 517 1448 592">
     <span class='ocr_line' id='line_1_1' title="bbox 631 517 1448 592; baseline 0 -18"><span class='ocrx_word' id='word_1_1' title='bbox 631 519 657 574; x_wconf 93' lang='lat'>1.</span> <span class='ocrx_word' id='word_1_2' title='bbox 684 519 743 576; x_wconf 81' lang='lat' dir='ltr'>nn</span> <span class='ocrx_word' id='word_1_3' title='bbox 772 517 1084 576; x_wconf 72' lang='lat' dir='ltr'>construens.</span> <span class='ocrx_word' id='word_1_4' title='bbox 1409 523 1448 592; x_wconf 81' lang='lat'>35</span> 
     </span>
    </p>
   </div>
   <div class='ocr_carea' id='block_1_2' title="bbox 262 739 1452 832">
    <p class='ocr_par' dir='ltr' id='par_1_2' title="bbox 262 739 1452 832">
     <span class='ocr_line' id='line_1_2' title="bbox 262 739 1452 832; baseline 0.002 -24"><span class='ocrx_word' id='word_1_5' title='bbox 262 739 302 808; x_wconf 88' lang='lat' dir='ltr'>ab</span> <span class='ocrx_word' id='word_1_6' title='bbox 324 739 415 810; x_wconf 85' lang='lat' dir='ltr'>omni</span> <span class='ocrx_word' id='word_1_7' title='bbox 439 739 562 832; x_wconf 81' lang='lat' dir='ltr'>angulo</span> <span class='ocrx_word' id='word_1_8' title='bbox 583 739 680 824; x_wconf 91' lang='lat' dir='ltr'>urbis,</span> <span class='ocrx_word' id='word_1_9' title='bbox 703 741 767 808; x_wconf 85' lang='lat' dir='ltr'>iem</span> <span class='ocrx_word' id='word_1_10' title='bbox 790 739 895 810; x_wconf 82' lang='lat' dir='ltr'>audita</span> <span class='ocrx_word' id='word_1_11' title='bbox 923 739 1006 812; x_wconf 80' lang='lat' dir='ltr'>furna</span> <span class='ocrx_word' id='word_1_12' title='bbox 1030 739 1100 822; x_wconf 87' lang='lat' dir='ltr'>viri,</span> <span class='ocrx_word' id='word_1_13' title='bbox 1124 762 1191 810; x_wconf 89' lang='lat' dir='ltr'>non</span> <span class='ocrx_word' id='word_1_14' title='bbox 1221 741 1326 810; x_wconf 83' lang='lat' dir='ltr'>seium</span> <span class='ocrx_word' id='word_1_15' title='bbox 1350 741 1452 812; x_wconf 80' lang='lat' dir='ltr'>inlici</span> 
     </span>
    </p>
   </div>
   <div class='ocr_carea' id='block_1_3' title="bbox 172 855 1453 2911">
    <p class='ocr_par' dir='ltr' id='par_1_3' title="bbox 172 855 1453 2911">
     <span class='ocr_line' id='line_1_3' title="bbox 261 855 1450 948; baseline 0 -22"><span class='ocrx_word' id='word_1_16' title='bbox 261 855 361 926; x_wconf 84' lang='lat' dir='ltr'>domo</span> <span class='ocrx_word' id='word_1_17' title='bbox 379 855 463 946; x_wconf 79' lang='lat' dir='ltr'>pulsi</span> <span class='ocrx_word' id='word_1_18' title='bbox 481 875 576 948; x_wconf 86' lang='lat' dir='ltr'>atque</span> <span class='ocrx_word' id='word_1_19' title='bbox 598 879 656 926; x_wconf 86' lang='lat' dir='ltr'>sua</span> <span class='ocrx_word' id='word_1_20' title='bbox 673 858 772 946; x_wconf 81' lang='lat' dir='ltr'>putria</span> <span class='ocrx_word' id='word_1_21' title='bbox 790 857 899 928; x_wconf 84' lang='lat' dir='ltr'>exules</span> <span class='ocrx_word' id='word_1_22' title='bbox 917 877 949 928; x_wconf 89' lang='lat' dir='ltr'>et</span> <span class='ocrx_word' id='word_1_23' title='bbox 971 858 1147 948; x_wconf 79' lang='lat' dir='ltr'>proscripti,</span> <span class='ocrx_word' id='word_1_24' title='bbox 1170 879 1283 928; x_wconf 88' lang='lat' dir='ltr'>uerum</span> <span class='ocrx_word' id='word_1_25' title='bbox 1303 858 1450 928; x_wconf 85' lang='lat' dir='ltr'>nonnulli</span> 
     </span>
     <span class='ocr_line' id='line_1_4' title="bbox 259 969 1451 1062; baseline 0 -22"><span class='ocrx_word' id='word_1_26' title='bbox 259 971 356 1040; x_wconf 88' lang='lat' dir='ltr'>etiam</span> <span class='ocrx_word' id='word_1_27' title='bbox 374 969 526 1040; x_wconf 80' lang='lat' dir='ltr'>adversae</span> <span class='ocrx_word' id='word_1_28' title='bbox 544 969 702 1054; x_wconf 74' lang='lat' dir='ltr'>factionis,</span> <span class='ocrx_word' id='word_1_29' title='bbox 719 970 835 1062; x_wconf 87' lang='lat' dir='ltr'>quibus</span> <span class='ocrx_word' id='word_1_30' title='bbox 854 971 931 1042; x_wconf 88' lang='lat' dir='ltr'>olim</span> <span class='ocrx_word' id='word_1_31' title='bbox 947 973 998 1062; x_wconf 90' lang='lat' dir='ltr'>pie</span> <span class='ocrx_word' id='word_1_32' title='bbox 1017 971 1178 1060; x_wconf 84' lang='lat' dir='ltr'>regnantis</span> <span class='ocrx_word' id='word_1_33' title='bbox 1198 971 1368 1042; x_wconf 76' lang='lat' dir='ltr'>clementia</span> <span class='ocrx_word' id='word_1_34' title='bbox 1385 971 1451 1062; x_wconf 79' lang='lat' dir='ltr'>ple-</span> 
     </span>
     <span class='ocr_line' id='line_1_5' title="bbox 260 1083 1449 1176; baseline -0.002 -20"><span class='ocrx_word' id='word_1_35' title='bbox 260 1087 326 1156; x_wconf 87' lang='lat' dir='ltr'>cuit</span> <span class='ocrx_word' id='word_1_36' title='bbox 346 1083 527 1176; x_wconf 72' lang='lat' dir='ltr'>quibusque</span> <span class='ocrx_word' id='word_1_37' title='bbox 540 1083 668 1176; x_wconf 79' lang='lat' dir='ltr'>profuit,</span> <span class='ocrx_word' id='word_1_38' title='bbox 685 1105 719 1156; x_wconf 87' lang='lat' dir='ltr'>ut</span> <span class='ocrx_word' id='word_1_39' title='bbox 742 1084 779 1156; x_wconf 86' lang='lat' dir='ltr'>iit</span> <span class='ocrx_word' id='word_1_40' title='bbox 800 1109 840 1156; x_wconf 94' lang='lat' dir='ltr'>ex</span> <span class='ocrx_word' id='word_1_41' title='bbox 857 1087 946 1156; x_wconf 92' lang='lat' dir='ltr'>omni</span> <span class='ocrx_word' id='word_1_42' title='bbox 970 1087 1096 1171; x_wconf 83' lang='lat' dir='ltr'>virtute,</span> <span class='ocrx_word' id='word_1_43' title='bbox 1116 1109 1191 1156; x_wconf 86' lang='lat' dir='ltr'>nam</span> <span class='ocrx_word' id='word_1_44' title='bbox 1212 1087 1334 1156; x_wconf 89' lang='lat' dir='ltr'>cunctis</span> <span class='ocrx_word' id='word_1_45' title='bbox 1353 1087 1449 1155; x_wconf 82' lang='lat' dir='ltr'>etism</span> 
     </span>
     <span class='ocr_line' id='line_1_6' title="bbox 173 1199 1451 1292; baseline 0.006 -28"><span class='ocrx_word' id='word_1_46' title='bbox 173 1199 231 1286; x_wconf 80' lang='lat'>165</span> <span class='ocrx_word' id='word_1_47' title='bbox 260 1199 454 1272; x_wconf 68' lang='lat' dir='ltr'>naturalibus</span> <span class='ocrx_word' id='word_1_48' title='bbox 469 1200 616 1272; x_wconf 82' lang='lat' dir='ltr'>hostibus</span> <span class='ocrx_word' id='word_1_49' title='bbox 633 1201 815 1272; x_wconf 76' lang='lat' dir='ltr'>amicabiles</span> <span class='ocrx_word' id='word_1_50' title='bbox 833 1221 866 1272; x_wconf 85' lang='lat' dir='ltr'>et</span> <span class='ocrx_word' id='word_1_51' title='bbox 883 1221 991 1292; x_wconf 82' lang='lat' dir='ltr'>gratae</span> <span class='ocrx_word' id='word_1_52' title='bbox 1009 1223 1084 1272; x_wconf 89' lang='lat' dir='ltr'>sunt</span> <span class='ocrx_word' id='word_1_53' title='bbox 1102 1203 1247 1286; x_wconf 85' lang='lat' dir='ltr'>virtutes,</span> <span class='ocrx_word' id='word_1_54' title='bbox 1259 1201 1399 1292; x_wconf 89' lang='lat' dir='ltr'>undique</span> <span class='ocrx_word' id='word_1_55' title='bbox 1411 1201 1451 1272; x_wconf 81' lang='lat' dir='ltr'>:td</span> 
     </span>
     <span class='ocr_line' id='line_1_7' title="bbox 260 1317 1451 1408; baseline 0.001 -22"><span class='ocrx_word' id='word_1_56' title='bbox 260 1317 435 1408; x_wconf 70' lang='lat' dir='ltr'>hospitium</span> <span class='ocrx_word' id='word_1_57' title='bbox 447 1319 510 1386; x_wconf 86' lang='lat' dir='ltr'>iam</span> <span class='ocrx_word' id='word_1_58' title='bbox 530 1339 587 1388; x_wconf 91' lang='lat' dir='ltr'>ore</span> <span class='ocrx_word' id='word_1_59' title='bbox 606 1317 694 1408; x_wconf 86' lang='lat' dir='ltr'>vulgi</span> <span class='ocrx_word' id='word_1_60' title='bbox 706 1337 832 1402; x_wconf 90' lang='lat' dir='ltr'>notum,</span> <span class='ocrx_word' id='word_1_61' title='bbox 851 1319 974 1388; x_wconf 89' lang='lat' dir='ltr'>visendi</span> <span class='ocrx_word' id='word_1_62' title='bbox 989 1317 1089 1388; x_wconf 84' lang='lat' dir='ltr'>erulis</span> <span class='ocrx_word' id='word_1_63' title='bbox 1109 1341 1214 1402; x_wconf 83' lang='lat' dir='ltr'>causa,</span> <span class='ocrx_word' id='word_1_64' title='bbox 1228 1318 1330 1408; x_wconf 87' lang='lat' dir='ltr'>plenis</span> <span class='ocrx_word' id='word_1_65' title='bbox 1349 1319 1451 1388; x_wconf 75' lang='lat' dir='ltr'>straus</span> 
     </span>
     <span class='ocr_line' id='line_1_8' title="bbox 260 1437 1450 1528; baseline 0 -20"><span class='ocrx_word' id='word_1_66' title='bbox 260 1439 406 1522; x_wconf 87' lang='lat' dir='ltr'>veniunt,</span> <span class='ocrx_word' id='word_1_67' title='bbox 423 1459 460 1508; x_wconf 86' lang='lat' dir='ltr'>ac</span> <span class='ocrx_word' id='word_1_68' title='bbox 477 1437 512 1494; x_wconf 79' lang='lat'>(¹)</span> <span class='ocrx_word' id='word_1_69' title='bbox 531 1437 661 1528; x_wconf 85' lang='lat' dir='ltr'>pulsatis</span> <span class='ocrx_word' id='word_1_70' title='bbox 679 1437 790 1508; x_wconf 90' lang='lat' dir='ltr'>crebro</span> <span class='ocrx_word' id='word_1_71' title='bbox 812 1437 945 1522; x_wconf 88' lang='lat' dir='ltr'>foribus,</span> <span class='ocrx_word' id='word_1_72' title='bbox 963 1439 1115 1508; x_wconf 81' lang='lat' dir='ltr'>intrantes</span> <span class='ocrx_word' id='word_1_73' title='bbox 1134 1437 1310 1528; x_wconf 81' lang='lat' dir='ltr'>hospitium</span> <span class='ocrx_word' id='word_1_74' title='bbox 1329 1459 1450 1528; x_wconf 85' lang='lat' dir='ltr'>magno</span> 
     </span>
     <span class='ocr_line' id='line_1_9' title="bbox 260 1553 1451 1644; baseline 0 -22"><span class='ocrx_word' id='word_1_75' title='bbox 260 1553 425 1643; x_wconf 89' lang='lat' dir='ltr'>complent</span> <span class='ocrx_word' id='word_1_76' title='bbox 442 1553 584 1637; x_wconf 82' lang='lat' dir='ltr'>fremitu,</span> <span class='ocrx_word' id='word_1_77' title='bbox 605 1555 774 1644; x_wconf 90' lang='lat' dir='ltr'>ipsumque</span> <span class='ocrx_word' id='word_1_78' title='bbox 798 1555 956 1624; x_wconf 86' lang='lat' dir='ltr'>Matteum</span> <span class='ocrx_word' id='word_1_79' title='bbox 980 1553 1216 1622; x_wconf 87' lang='lat' dir='ltr'>Vicecomitem</span> <span class='ocrx_word' id='word_1_80' title='bbox 1239 1575 1357 1622; x_wconf 90' lang='lat' dir='ltr'>somno</span> <span class='ocrx_word' id='word_1_81' title='bbox 1379 1575 1451 1644; x_wconf 83' lang='lat' dir='ltr'>gru·</span> 
     </span>
     <span class='ocr_line' id='line_1_10' title="bbox 261 1667 1450 1762; baseline 0 -24"><span class='ocrx_word' id='word_1_82' title='bbox 261 1691 337 1739; x_wconf 85' lang='lat' dir='ltr'>vem</span> <span class='ocrx_word' id='word_1_83' title='bbox 359 1671 507 1753; x_wconf 78' lang='lat' dir='ltr'>excitant,</span> <span class='ocrx_word' id='word_1_84' title='bbox 531 1668 733 1762; x_wconf 85' lang='lat' dir='ltr'>educuntque</span> <span class='ocrx_word' id='word_1_85' title='bbox 750 1671 759 1760; x_wconf 74' lang='lat' dir='ltr'>l</span> <span class='ocrx_word' id='word_1_86' title='bbox 774 1687 869 1760; x_wconf 85' lang='lat' dir='ltr'>atque</span> <span class='ocrx_word' id='word_1_87' title='bbox 887 1669 921 1738; x_wconf 90' lang='lat' dir='ltr'>in</span> <span class='ocrx_word' id='word_1_88' title='bbox 939 1669 1101 1760; x_wconf 90' lang='lat' dir='ltr'>publicum</span> <span class='ocrx_word' id='word_1_89' title='bbox 1121 1667 1194 1737; x_wconf 78' lang='lat' dir='ltr'>dere</span> <span class='ocrx_word' id='word_1_90' title='bbox 1210 1668 1360 1758; x_wconf 74' lang='lat' dir='ltr'>gaudent.</span> <span class='ocrx_word' id='word_1_91' title='bbox 1408 1669 1450 1738; x_wconf 90' lang='lat' dir='ltr'>ibi</span> 
     </span>
     <span class='ocr_line' id='line_1_11' title="bbox 173 1781 1452 1874; baseline 0.002 -24"><span class='ocrx_word' id='word_1_92' title='bbox 173 1791 233 1860; x_wconf 90' lang='lat' dir='ltr'>t7o</span> <span class='ocrx_word' id='word_1_93' title='bbox 260 1805 327 1850; x_wconf 92' lang='lat' dir='ltr'>uno</span> <span class='ocrx_word' id='word_1_94' title='bbox 342 1783 471 1872; x_wconf 82' lang='lat' dir='ltr'>agmine</span> <span class='ocrx_word' id='word_1_95' title='bbox 482 1801 613 1852; x_wconf 87' lang='lat' dir='ltr'>centum</span> <span class='ocrx_word' id='word_1_96' title='bbox 625 1785 747 1874; x_wconf 86' lang='lat' dir='ltr'>equites</span> <span class='ocrx_word' id='word_1_97' title='bbox 759 1783 922 1866; x_wconf 88' lang='lat' dir='ltr'>Gibellini,</span> <span class='ocrx_word' id='word_1_98' title='bbox 934 1782 993 1853; x_wconf 90' lang='lat' dir='ltr'>sub</span> <span class='ocrx_word' id='word_1_99' title='bbox 1012 1782 1095 1852; x_wconf 89' lang='lat' dir='ltr'>duce</span> <span class='ocrx_word' id='word_1_100' title='bbox 1112 1781 1248 1854; x_wconf 84' lang='lat' dir='ltr'>Ricardo</span> <span class='ocrx_word' id='word_1_101' title='bbox 1262 1783 1452 1866; x_wconf 62' lang='lat' dir='ltr'>Titioue),</span> 
     </span>
     <span class='ocr_line' id='line_1_12' title="bbox 258 1897 1450 1990; baseline -0.002 -22"><span class='ocrx_word' id='word_1_102' title='bbox 258 1899 373 1988; x_wconf 79' lang='lat' dir='ltr'>petitor</span> <span class='ocrx_word' id='word_1_103' title='bbox 394 1899 490 1968; x_wconf 86' lang='lat' dir='ltr'>unica</span> <span class='ocrx_word' id='word_1_104' title='bbox 511 1899 604 1988; x_wconf 81' lang='lat' dir='ltr'>signa</span> <span class='ocrx_word' id='word_1_105' title='bbox 625 1917 785 1990; x_wconf 82' lang='lat' dir='ltr'>gerentes,</span> <span class='ocrx_word' id='word_1_106' title='bbox 803 1898 887 1970; x_wconf 80' lang='lat' dir='ltr'>lueto</span> <span class='ocrx_word' id='word_1_107' title='bbox 909 1899 1049 1969; x_wconf 88' lang='lat' dir='ltr'>tumultu</span> <span class='ocrx_word' id='word_1_108' title='bbox 1072 1900 1155 1970; x_wconf 78' lang='lat' dir='ltr'>intre</span> <span class='ocrx_word' id='word_1_109' title='bbox 1176 1923 1211 1968; x_wconf 89' lang='lat' dir='ltr'>se</span> <span class='ocrx_word' id='word_1_110' title='bbox 1235 1897 1450 1970; x_wconf 85' lang='lat' dir='ltr'>desideratum</span> 
     </span>
     <span class='ocr_line' id='line_1_13' title="bbox 259 2011 1449 2107; baseline 0.002 -23"><span class='ocrx_word' id='word_1_111' title='bbox 259 2011 377 2086; x_wconf 88' lang='lat' dir='ltr'>ducem</span> <span class='ocrx_word' id='word_1_112' title='bbox 410 2016 549 2105; x_wconf 77' lang='lat' dir='ltr'>capiunt,</span> <span class='ocrx_word' id='word_1_113' title='bbox 573 2016 690 2098; x_wconf 88' lang='lat' dir='ltr'>cuncti,</span> <span class='ocrx_word' id='word_1_114' title='bbox 713 2015 849 2107; x_wconf 79' lang='lat' dir='ltr'>profusis</span> <span class='ocrx_word' id='word_1_115' title='bbox 873 2015 994 2106; x_wconf 82' lang='lat' dir='ltr'>gaudio</span> <span class='ocrx_word' id='word_1_116' title='bbox 1017 2015 1175 2106; x_wconf 84' lang='lat' dir='ltr'>lacrymis,</span> <span class='ocrx_word' id='word_1_117' title='bbox 1203 2015 1321 2086; x_wconf 79' lang='lat' dir='ltr'>dextris</span> <span class='ocrx_word' id='word_1_118' title='bbox 1348 2015 1449 2086; x_wconf 81' lang='lat' dir='ltr'>avidis</span> 
     </span>
     <span class='ocr_line' id='line_1_14' title="bbox 258 2130 1449 2224; baseline 0 -24"><span class='ocrx_word' id='word_1_119' title='bbox 258 2131 409 2200; x_wconf 81' lang='lat' dir='ltr'>tenaciter</span> <span class='ocrx_word' id='word_1_120' title='bbox 427 2130 638 2220; x_wconf 82' lang='lat' dir='ltr'>praehensant</span> <span class='ocrx_word' id='word_1_121' title='bbox 656 2131 773 2214; x_wconf 84' lang='lat' dir='ltr'>virum,</span> <span class='ocrx_word' id='word_1_122' title='bbox 796 2132 966 2224; x_wconf 87' lang='lat' dir='ltr'>ipsumque</span> <span class='ocrx_word' id='word_1_123' title='bbox 981 2153 1107 2215; x_wconf 88' lang='lat' dir='ltr'>omnes,</span> <span class='ocrx_word' id='word_1_124' title='bbox 1123 2153 1190 2200; x_wconf 90' lang='lat' dir='ltr'>uno</span> <span class='ocrx_word' id='word_1_125' title='bbox 1206 2131 1336 2220; x_wconf 82' lang='lat' dir='ltr'>agmine</span> <span class='ocrx_word' id='word_1_126' title='bbox 1352 2131 1449 2214; x_wconf 85' lang='lat' dir='ltr'>facto,</span> 
     </span>
     <span class='ocr_line' id='line_1_15' title="bbox 259 2243 1452 2336; baseline 0.003 -24"><span class='ocrx_word' id='word_1_127' title='bbox 259 2243 299 2312; x_wconf 80' lang='lat' dir='ltr'>ad</span> <span class='ocrx_word' id='word_1_128' title='bbox 317 2245 528 2335; x_wconf 78' lang='lat' dir='ltr'>praesentiam</span> <span class='ocrx_word' id='word_1_129' title='bbox 550 2245 634 2334; x_wconf 86' lang='lat' dir='ltr'>regis</span> <span class='ocrx_word' id='word_1_130' title='bbox 650 2245 788 2329; x_wconf 79' lang='lat' dir='ltr'>trahunt,</span> <span class='ocrx_word' id='word_1_131' title='bbox 805 2263 837 2315; x_wconf 91' lang='lat' dir='ltr'>et</span> <span class='ocrx_word' id='word_1_132' title='bbox 854 2265 889 2316; x_wconf 88' lang='lat' dir='ltr'>ut</span> <span class='ocrx_word' id='word_1_133' title='bbox 912 2245 1084 2316; x_wconf 90' lang='lat' dir='ltr'>dominum</span> <span class='ocrx_word' id='word_1_134' title='bbox 1100 2263 1131 2314; x_wconf 91' lang='lat' dir='ltr'>et</span> <span class='ocrx_word' id='word_1_135' title='bbox 1154 2245 1329 2336; x_wconf 87' lang='lat' dir='ltr'>principem</span> <span class='ocrx_word' id='word_1_136' title='bbox 1353 2269 1452 2316; x_wconf 91' lang='lat' dir='ltr'>suum</span> 
     </span>
     <span class='ocr_line' id='line_1_16' title="bbox 172 2357 1452 2450; baseline -0.003 -16"><span class='ocrx_word' id='word_1_137' title='bbox 172 2367 229 2436; x_wconf 88' lang='lat'>¹75</span> <span class='ocrx_word' id='word_1_138' title='bbox 259 2357 466 2450; x_wconf 82' lang='lat' dir='ltr'>procedentes</span> <span class='ocrx_word' id='word_1_139' title='bbox 481 2357 616 2450; x_wconf 86' lang='lat' dir='ltr'>publice,</span> <span class='ocrx_word' id='word_1_140' title='bbox 633 2359 756 2429; x_wconf 89' lang='lat' dir='ltr'>cunctis</span> <span class='ocrx_word' id='word_1_141' title='bbox 772 2359 970 2444; x_wconf 82' lang='lat' dir='ltr'>mirantibus,</span> <span class='ocrx_word' id='word_1_142' title='bbox 985 2359 1167 2430; x_wconf 83' lang='lat' dir='ltr'>Tbeutonia</span> <span class='ocrx_word' id='word_1_143' title='bbox 1184 2357 1314 2430; x_wconf 86' lang='lat' dir='ltr'>ubilibet</span> <span class='ocrx_word' id='word_1_144' title='bbox 1330 2383 1452 2450; x_wconf 85' lang='lat' dir='ltr'>reprae-</span> 
     </span>
     <span class='ocr_line' id='line_1_17' title="bbox 259 2472 1452 2564; baseline 0 -22"><span class='ocrx_word' id='word_1_145' title='bbox 259 2491 394 2542; x_wconf 82' lang='lat' dir='ltr'>sentent.</span> <span class='ocrx_word' id='word_1_146' title='bbox 438 2493 605 2542; x_wconf 81' lang='lat' dir='ltr'>mceanta</span> <span class='ocrx_word' id='word_1_147' title='bbox 635 2472 736 2542; x_wconf 88' lang='lat' dir='ltr'>modo</span> <span class='ocrx_word' id='word_1_148' title='bbox 767 2475 824 2564; x_wconf 87' lang='lat' dir='ltr'>qui</span> <span class='ocrx_word' id='word_1_149' title='bbox 845 2472 904 2542; x_wconf 84' lang='lat' dir='ltr'>ubi</span> <span class='ocrx_word' id='word_1_150' title='bbox 926 2474 1052 2544; x_wconf 86' lang='lat' dir='ltr'>diuitiae</span> <span class='ocrx_word' id='word_1_151' title='bbox 1079 2497 1146 2544; x_wconf 92' lang='lat' dir='ltr'>non</span> <span class='ocrx_word' id='word_1_152' title='bbox 1173 2473 1308 2543; x_wconf 86' lang='lat' dir='ltr'>affluunt</span> <span class='ocrx_word' id='word_1_153' title='bbox 1335 2473 1452 2542; x_wconf 91' lang='lat' dir='ltr'>honori</span> 
     </span>
     <span class='ocr_line' id='line_1_18' title="bbox 259 2587 1452 2680; baseline 0.002 -24"><span class='ocrx_word' id='word_1_154' title='bbox 259 2587 368 2656; x_wconf 91' lang='lat' dir='ltr'>iocum</span> <span class='ocrx_word' id='word_1_155' title='bbox 390 2611 459 2658; x_wconf 77' lang='lat' dir='ltr'>esse</span> <span class='ocrx_word' id='word_1_156' title='bbox 489 2591 628 2678; x_wconf 84' lang='lat' dir='ltr'>neganti</span> <span class='ocrx_word' id='word_1_157' title='bbox 673 2611 788 2658; x_wconf 86' lang='lat' dir='ltr'>verum</span> <span class='ocrx_word' id='word_1_158' title='bbox 815 2587 896 2660; x_wconf 82' lang='lat' dir='ltr'>adeo</span> <span class='ocrx_word' id='word_1_159' title='bbox 927 2588 1069 2680; x_wconf 90' lang='lat' dir='ltr'>undique</span> <span class='ocrx_word' id='word_1_160' title='bbox 1096 2589 1354 2660; x_wconf 85' lang='lat' dir='ltr'>concurrentium</span> <span class='ocrx_word' id='word_1_161' title='bbox 1384 2611 1452 2658; x_wconf 86' lang='lat' dir='ltr'>am·</span> 
     </span>
     <span class='ocr_line' id='line_1_19' title="bbox 260 2705 1452 2797; baseline 0 -21"><span class='ocrx_word' id='word_1_162' title='bbox 260 2705 402 2796; x_wconf 84' lang='lat' dir='ltr'>plexibus</span> <span class='ocrx_word' id='word_1_163' title='bbox 420 2707 573 2776; x_wconf 88' lang='lat' dir='ltr'>retinetur</span> <span class='ocrx_word' id='word_1_164' title='bbox 594 2707 627 2776; x_wconf 90' lang='lat' dir='ltr'>in</span> <span class='ocrx_word' id='word_1_165' title='bbox 646 2708 715 2790; x_wconf 76' lang='lat' dir='ltr'>ria3</span> <span class='ocrx_word' id='word_1_166' title='bbox 733 2705 831 2796; x_wconf 90' lang='lat' dir='ltr'>quod,</span> <span class='ocrx_word' id='word_1_167' title='bbox 850 2707 1034 2797; x_wconf 87' lang='lat' dir='ltr'>priusquam</span> <span class='ocrx_word' id='word_1_168' title='bbox 1056 2707 1140 2796; x_wconf 87' lang='lat' dir='ltr'>regis</span> <span class='ocrx_word' id='word_1_169' title='bbox 1157 2706 1263 2776; x_wconf 81' lang='lat' dir='ltr'>aulam</span> <span class='ocrx_word' id='word_1_170' title='bbox 1285 2707 1386 2797; x_wconf 90' lang='lat' dir='ltr'>possit</span> <span class='ocrx_word' id='word_1_171' title='bbox 1401 2729 1452 2776; x_wconf 87' lang='lat' dir='ltr'>ac·</span> 
     </span>
     <span class='ocr_line' id='line_1_20' title="bbox 258 2819 1453 2911; baseline 0.003 -23"><span class='ocrx_word' id='word_1_172' title='bbox 258 2819 370 2890; x_wconf 87' lang='lat' dir='ltr'>cedere</span> <span class='ocrx_word' id='word_1_173' title='bbox 393 2820 524 2890; x_wconf 90' lang='lat' dir='ltr'>nuntius</span> <span class='ocrx_word' id='word_1_174' title='bbox 543 2819 692 2911; x_wconf 87' lang='lat' dir='ltr'>frequens</span> <span class='ocrx_word' id='word_1_175' title='bbox 710 2819 751 2890; x_wconf 85' lang='lat' dir='ltr'>ad</span> <span class='ocrx_word' id='word_1_176' title='bbox 773 2841 884 2910; x_wconf 89' lang='lat' dir='ltr'>regem</span> <span class='ocrx_word' id='word_1_177' title='bbox 904 2821 1010 2890; x_wconf 85' lang='lat' dir='ltr'>venit:</span> <span class='ocrx_word' id='word_1_178' title='bbox 1038 2819 1215 2888; x_wconf 90' lang='lat' dir='ltr'>mirabilem</span> <span class='ocrx_word' id='word_1_179' title='bbox 1238 2821 1344 2888; x_wconf 86' lang='lat' dir='ltr'>uirum</span> <span class='ocrx_word' id='word_1_180' title='bbox 1363 2820 1453 2892; x_wconf 85' lang='lat' dir='ltr'>velut</span> 
     </span>
    </p>
   </div>
   <div class='ocr_carea' id='block_1_4' title="bbox 172 2923 1452 3368">
    <p class='ocr_par' dir='ltr' id='par_1_4' title="bbox 172 2923 1452 3368">
     <span class='ocr_line' id='line_1_21' title="bbox 172 2923 1452 3026; baseline 0.001 -25"><span class='ocrx_word' id='word_1_181' title='bbox 172 2923 232 2992; x_wconf 81' lang='lat'>180</span> <span class='ocrx_word' id='word_1_182' title='bbox 259 2949 439 3002; x_wconf 87' lang='lat' dir='ltr'>monstrum</span> <span class='ocrx_word' id='word_1_183' title='bbox 458 2933 638 3026; x_wconf 80' lang='lat' dir='ltr'>apparuisse</span> <span class='ocrx_word' id='word_1_184' title='bbox 656 2935 817 3017; x_wconf 81' lang='lat' dir='ltr'>nuntians,</span> <span class='ocrx_word' id='word_1_185' title='bbox 835 2955 934 3024; x_wconf 89' lang='lat' dir='ltr'>quem</span> <span class='ocrx_word' id='word_1_186' title='bbox 949 2951 984 3004; x_wconf 93' lang='lat' dir='ltr'>ut</span> <span class='ocrx_word' id='word_1_187' title='bbox 1000 2933 1078 3003; x_wconf 83' lang='lat' dir='ltr'>caeli</span> <span class='ocrx_word' id='word_1_188' title='bbox 1090 2955 1212 3004; x_wconf 88' lang='lat' dir='ltr'>numen</span> <span class='ocrx_word' id='word_1_189' title='bbox 1228 2933 1273 3016; x_wconf 78' lang='lat'>(²),</span> <span class='ocrx_word' id='word_1_190' title='bbox 1287 2935 1296 3023; x_wconf 77' lang='lat' dir='ltr'>l</span> <span class='ocrx_word' id='word_1_191' title='bbox 1310 2932 1452 3024; x_wconf 90' lang='lat' dir='ltr'>undique</span> 
     </span>
     <span class='ocr_line' id='line_1_22' title="bbox 258 3047 1449 3138; baseline 0 -22"><span class='ocrx_word' id='word_1_192' title='bbox 258 3047 385 3116; x_wconf 73' lang='lat' dir='ltr'>calcetis</span> <span class='ocrx_word' id='word_1_193' title='bbox 402 3049 517 3131; x_wconf 84' lang='lat' dir='ltr'>seratis,</span> <span class='ocrx_word' id='word_1_194' title='bbox 535 3047 660 3116; x_wconf 86' lang='lat' dir='ltr'>visendi</span> <span class='ocrx_word' id='word_1_195' title='bbox 683 3071 777 3118; x_wconf 84' lang='lat' dir='ltr'>causa</span> <span class='ocrx_word' id='word_1_196' title='bbox 795 3048 950 3118; x_wconf 85' lang='lat' dir='ltr'>cursitans</span> <span class='ocrx_word' id='word_1_197' title='bbox 969 3049 1101 3118; x_wconf 84' lang='lat' dir='ltr'>mirante</span> <span class='ocrx_word' id='word_1_198' title='bbox 1120 3047 1268 3138; x_wconf 89' lang='lat' dir='ltr'>populus,</span> <span class='ocrx_word' id='word_1_199' title='bbox 1291 3067 1323 3116; x_wconf 93' lang='lat' dir='ltr'>et</span> <span class='ocrx_word' id='word_1_200' title='bbox 1341 3049 1449 3116; x_wconf 87' lang='lat' dir='ltr'>omnis</span> 
     </span>
     <span class='ocr_line' id='line_1_23' title="bbox 258 3159 1449 3251; baseline 0.002 -23"><span class='ocrx_word' id='word_1_201' title='bbox 258 3159 368 3230; x_wconf 82' lang='lat' dir='ltr'>adorat</span> <span class='ocrx_word' id='word_1_202' title='bbox 402 3161 531 3230; x_wconf 73' lang='lat' dir='ltr'>Italicus</span> <span class='ocrx_word' id='word_1_203' title='bbox 556 3160 746 3232; x_wconf 88' lang='lat' dir='ltr'>Gibellinus.</span> <span class='ocrx_word' id='word_1_204' title='bbox 815 3161 930 3232; x_wconf 85' lang='lat' dir='ltr'>tacitus</span> <span class='ocrx_word' id='word_1_205' title='bbox 959 3161 1087 3232; x_wconf 90' lang='lat' dir='ltr'>subrisit</span> <span class='ocrx_word' id='word_1_206' title='bbox 1115 3163 1161 3230; x_wconf 90' lang='lat' dir='ltr'>rei</span> <span class='ocrx_word' id='word_1_207' title='bbox 1192 3163 1351 3251; x_wconf 80' lang='lat' dir='ltr'>praescius</span> <span class='ocrx_word' id='word_1_208' title='bbox 1382 3183 1449 3230; x_wconf 89' lang='lat' dir='ltr'>rex.</span> 
     </span>
     <span class='ocr_line' id='line_1_24' title="bbox 258 3275 1451 3368; baseline -0.002 -22"><span class='ocrx_word' id='word_1_209' title='bbox 258 3293 335 3348; x_wconf 87' lang='lat' dir='ltr'>tunc</span> <span class='ocrx_word' id='word_1_210' title='bbox 366 3277 527 3346; x_wconf 81' lang='lat' dir='ltr'>Antonius</span> <span class='ocrx_word' id='word_1_211' title='bbox 549 3275 590 3346; x_wconf 90' lang='lat' dir='ltr'>de</span> <span class='ocrx_word' id='word_1_212' title='bbox 613 3277 769 3368; x_wconf 81' lang='lat' dir='ltr'>Fissiraga</span> <span class='ocrx_word' id='word_1_213' title='bbox 793 3277 980 3360; x_wconf 82' lang='lat' dir='ltr'>Laudensis,</span> <span class='ocrx_word' id='word_1_214' title='bbox 1003 3279 1058 3368; x_wconf 85' lang='lat' dir='ltr'>qui</span> <span class='ocrx_word' id='word_1_215' title='bbox 1081 3301 1138 3346; x_wconf 88' lang='lat' dir='ltr'>seu</span> <span class='ocrx_word' id='word_1_216' title='bbox 1160 3296 1287 3368; x_wconf 82' lang='lat' dir='ltr'>sponte,</span> <span class='ocrx_word' id='word_1_217' title='bbox 1310 3299 1367 3346; x_wconf 91' lang='lat' dir='ltr'>seu</span> <span class='ocrx_word' id='word_1_218' title='bbox 1392 3297 1451 3344; x_wconf 85' lang='lat' dir='ltr'>vo·</span> 
     </span>
    </p>
   </div>
   <div class='ocr_carea' id='block_1_5' title="bbox 313 3511 436 3570">
    <p class='ocr_par' dir='ltr' id='par_1_5' title="bbox 313 3511 436 3570">
     <span class='ocr_line' id='line_1_25' title="bbox 313 3511 436 3570; baseline 0 -12"><span class='ocrx_word' id='word_1_219' title='bbox 313 3515 345 3570; x_wconf 78' lang='lat' dir='ltr'>inl</span> <span class='ocrx_word' id='word_1_220' title='bbox 358 3511 398 3560; x_wconf 72' lang='lat' dir='ltr'>dd</span> <span class='ocrx_word' id='word_1_221' title='bbox 411 3519 436 3558; x_wconf 80' lang='lat' dir='ltr'>et</span> 
     </span>
    </p>
   </div>
   <div class='ocr_carea' id='block_1_6' title="bbox 258 3711 1452 4874">
    <p class='ocr_par' dir='ltr' id='par_1_6' title="bbox 294 3711 1452 3787">
     <span class='ocr_line' id='line_1_26' title="bbox 294 3711 1452 3787; baseline -0.002 -17"><span class='ocrx_word' id='word_1_222' title='bbox 294 3713 337 3784; x_wconf 91' lang='lat' dir='ltr'>(t)</span> <span class='ocrx_word' id='word_1_223' title='bbox 352 3711 486 3770; x_wconf 86' lang='lat' dir='ltr'>Riccardo</span> <span class='ocrx_word' id='word_1_224' title='bbox 502 3713 615 3768; x_wconf 75' lang='lat' dir='ltr'>Throni</span> <span class='ocrx_word' id='word_1_225' title='bbox 631 3713 790 3786; x_wconf 74' lang='lat' dir='ltr'>capitaneus</span> <span class='ocrx_word' id='word_1_226' title='bbox 804 3711 832 3768; x_wconf 80' lang='lat' dir='ltr'>ln</span> <span class='ocrx_word' id='word_1_227' title='bbox 877 3733 892 3764; x_wconf 77' lang='grc' dir='ltr'><strong>α</strong></span> <span class='ocrx_word' id='word_1_228' title='bbox 903 3726 957 3770; x_wconf 88' lang='lat' dir='ltr'>stre</span> <span class='ocrx_word' id='word_1_229' title='bbox 971 3713 1109 3780; x_wconf 85' lang='lat' dir='ltr'>continue,</span> <span class='ocrx_word' id='word_1_230' title='bbox 1124 3729 1209 3787; x_wconf 87' lang='lat' dir='ltr'>usque</span> <span class='ocrx_word' id='word_1_231' title='bbox 1225 3713 1258 3772; x_wconf 79' lang='lat' dir='ltr'>ad</span> <span class='ocrx_word' id='word_1_232' title='bbox 1273 3726 1372 3770; x_wconf 85' lang='lat' dir='ltr'>terram</span> <span class='ocrx_word' id='word_1_233' title='bbox 1385 3711 1452 3770; x_wconf 87' lang='lat' dir='ltr'>Ver·</span> 
     </span>
    </p>

    <p class='ocr_par' dir='ltr' id='par_1_7' title="bbox 258 3795 1451 4874">
     <span class='ocr_line' id='line_1_27' title="bbox 258 3795 1449 3870; baseline -0.003 -16"><span class='ocrx_word' id='word_1_234' title='bbox 258 3797 364 3854; x_wconf 82' lang='lat' dir='ltr'>fuione</span> <span class='ocrx_word' id='word_1_235' title='bbox 376 3797 421 3854; x_wconf 90' lang='lat' dir='ltr'>dei</span> <span class='ocrx_word' id='word_1_236' title='bbox 430 3797 571 3854; x_wconf 86' lang='lat' dir='ltr'>luorusciti</span> <span class='ocrx_word' id='word_1_237' title='bbox 581 3797 722 3870; x_wconf 85' lang='lat' dir='ltr'>ghibellini</span> <span class='ocrx_word' id='word_1_238' title='bbox 731 3797 758 3852; x_wconf 92' lang='lat' dir='ltr'>di</span> <span class='ocrx_word' id='word_1_239' title='bbox 768 3797 833 3853; x_wconf 86' lang='lat' dir='ltr'>Ver·</span> <span class='ocrx_word' id='word_1_240' title='bbox 879 3795 1050 3852; x_wconf 76' lang='lat' dir='ltr'>«cellensem</span> <span class='ocrx_word' id='word_1_241' title='bbox 1080 3807 1106 3850; x_wconf 93' lang='lat' dir='ltr'>et</span> <span class='ocrx_word' id='word_1_242' title='bbox 1132 3796 1262 3870; x_wconf 87' lang='lat' dir='ltr'>quamdiu</span> <span class='ocrx_word' id='word_1_243' title='bbox 1291 3796 1318 3850; x_wconf 89' lang='lat' dir='ltr'>in</span> <span class='ocrx_word' id='word_1_244' title='bbox 1349 3795 1449 3852; x_wconf 87' lang='lat' dir='ltr'>ibidem</span> 
     </span>
     <span class='ocr_line' id='line_1_28' title="bbox 258 3878 1449 3952; baseline -0.004 -13"><span class='ocrx_word' id='word_1_245' title='bbox 258 3883 329 3939; x_wconf 82' lang='lat' dir='ltr'>nelli.</span> <span class='ocrx_word' id='word_1_246' title='bbox 366 3881 401 3940; x_wconf 86' lang='lat' dir='ltr'>Ci</span> <span class='ocrx_word' id='word_1_247' title='bbox 419 3893 491 3938; x_wconf 80' lang='lat' dir='ltr'>resta</span> <span class='ocrx_word' id='word_1_248' title='bbox 506 3883 534 3937; x_wconf 86' lang='lat' dir='ltr'>di</span> <span class='ocrx_word' id='word_1_249' title='bbox 551 3881 590 3938; x_wconf 89' lang='lat' dir='ltr'>lui</span> <span class='ocrx_word' id='word_1_250' title='bbox 605 3899 643 3936; x_wconf 89' lang='lat' dir='ltr'>un</span> <span class='ocrx_word' id='word_1_251' title='bbox 658 3893 716 3938; x_wconf 84' lang='lat' dir='ltr'>atto</span> <span class='ocrx_word' id='word_1_252' title='bbox 733 3881 778 3938; x_wconf 90' lang='lat' dir='ltr'>del</span> <span class='ocrx_word' id='word_1_253' title='bbox 799 3883 831 3938; x_wconf 85' lang='lat'>28</span> <span class='ocrx_word' id='word_1_254' title='bbox 878 3879 1067 3944; x_wconf 77' lang='lat' dir='ltr'>«manseritis,</span> <span class='ocrx_word' id='word_1_255' title='bbox 1091 3889 1118 3934; x_wconf 92' lang='lat' dir='ltr'>et</span> <span class='ocrx_word' id='word_1_256' title='bbox 1139 3878 1346 3951; x_wconf 74' lang='lat' dir='ltr'>proficiscendo.</span> <span class='ocrx_word' id='word_1_257' title='bbox 1364 3895 1449 3952; x_wconf 90' lang='lat' dir='ltr'>usque</span> 
     </span>
     <span class='ocr_line' id='line_1_29' title="bbox 259 3961 1449 4040; baseline -0.004 -15"><span class='ocrx_word' id='word_1_258' title='bbox 259 3969 371 4040; x_wconf 75' lang='lat' dir='ltr'>mnggio</span> <span class='ocrx_word' id='word_1_259' title='bbox 383 3983 451 4040; x_wconf 79' lang='lat'><em>1310</em></span> <span class='ocrx_word' id='word_1_260' title='bbox 460 3967 833 4036; x_wconf 79' lang='lat' dir='ltr'>inditiuatoadEnrieoni,</span> <span class='ocrx_word' id='word_1_261' title='bbox 877 3981 893 4014; x_wconf 79' lang='lat' dir='ltr'>r</span> <span class='ocrx_word' id='word_1_262' title='bbox 904 3961 937 4016; x_wconf 89' lang='lat' dir='ltr'>ad</span> <span class='ocrx_word' id='word_1_263' title='bbox 946 3961 1133 4018; x_wconf 82' lang='lat' dir='ltr'>Mediolanum</span> <span class='ocrx_word' id='word_1_264' title='bbox 1148 3961 1370 4028; x_wconf 82' lang='lat' dir='ltr'>concomitando,</span> <span class='ocrx_word' id='word_1_265' title='bbox 1380 3961 1449 4020; x_wconf 84' lang='lat' dir='ltr'>meis</span> 
     </span>
     <span class='ocr_line' id='line_1_30' title="bbox 258 4043 1449 4128; baseline -0.008 -20"><span class='ocrx_word' id='word_1_266' title='bbox 258 4052 302 4108; x_wconf 89' lang='lat' dir='ltr'>uel</span> <span class='ocrx_word' id='word_1_267' title='bbox 324 4051 404 4128; x_wconf 81' lang='lat' dir='ltr'>quale</span> <span class='ocrx_word' id='word_1_268' title='bbox 429 4051 549 4108; x_wconf 81' lang='lat' dir='ltr'>dichiarx</span> <span class='ocrx_word' id='word_1_269' title='bbox 574 4051 601 4106; x_wconf 90' lang='lat' dir='ltr'>di</span> <span class='ocrx_word' id='word_1_270' title='bbox 626 4063 790 4124; x_wconf 81' lang='lat' dir='ltr'>promenere</span> <span class='ocrx_word' id='word_1_271' title='bbox 815 4069 830 4108; x_wconf 81' lang='lat' dir='ltr'>a</span> <span class='ocrx_word' id='word_1_272' title='bbox 879 4057 930 4100; x_wconf 73' lang='lat' dir='ltr'>‘et</span> <span class='ocrx_word' id='word_1_273' title='bbox 947 4045 1029 4118; x_wconf 82' lang='lat' dir='ltr'>partis</span> <span class='ocrx_word' id='word_1_274' title='bbox 1056 4061 1135 4100; x_wconf 85' lang='lat' dir='ltr'>meae</span> <span class='ocrx_word' id='word_1_275' title='bbox 1159 4043 1275 4118; x_wconf 87' lang='lat' dir='ltr'>propriis</span> <span class='ocrx_word' id='word_1_276' title='bbox 1299 4044 1449 4116; x_wconf 85' lang='lat' dir='ltr'>sumptibus</span> 
     </span>
     <span class='ocr_line' id='line_1_31' title="bbox 258 4124 1449 4210; baseline -0.007 -20"><span class='ocrx_word' id='word_1_277' title='bbox 258 4151 341 4192; x_wconf 89' lang='lat' dir='ltr'>nome</span> <span class='ocrx_word' id='word_1_278' title='bbox 356 4151 407 4192; x_wconf 89' lang='lat' dir='ltr'>suo</span> <span class='ocrx_word' id='word_1_279' title='bbox 422 4153 437 4192; x_wconf 91' lang='lat' dir='ltr'>e</span> <span class='ocrx_word' id='word_1_280' title='bbox 450 4135 521 4192; x_wconf 87' lang='lat' dir='ltr'>della</span> <span class='ocrx_word' id='word_1_281' title='bbox 537 4151 586 4192; x_wconf 79' lang='lat' dir='ltr'>sue</span> <span class='ocrx_word' id='word_1_282' title='bbox 607 4147 683 4209; x_wconf 83' lang='lat' dir='ltr'>parte</span> <span class='ocrx_word' id='word_1_283' title='bbox 700 4134 742 4206; x_wconf 80' lang='lat' dir='ltr'>(ex</span> <span class='ocrx_word' id='word_1_284' title='bbox 758 4143 831 4210; x_wconf 80' lang='lat' dir='ltr'>perte</span> <span class='ocrx_word' id='word_1_285' title='bbox 876 4129 1064 4202; x_wconf 81' lang='lat' dir='ltr'>«etexpensis</span> <span class='ocrx_word' id='word_1_286' title='bbox 1082 4131 1165 4186; x_wconf 74' lang='lat' dir='ltr'>dre».</span> <span class='ocrx_word' id='word_1_287' title='bbox 1194 4124 1237 4186; x_wconf 88' lang='lat' dir='ltr'>Cf.</span> <span class='ocrx_word' id='word_1_288' title='bbox 1258 4129 1449 4200; x_wconf 62' lang='lat' dir='ltr'>Bottxnrtmp.</span> 
     </span>
     <span class='ocr_line' id='line_1_32' title="bbox 259 4212 1027 4294; baseline -0.01 -18"><span class='ocrx_word' id='word_1_289' title='bbox 259 4237 315 4276; x_wconf 67' lang='lat' dir='ltr'>ure</span> <span class='ocrx_word' id='word_1_290' title='bbox 331 4227 354 4276; x_wconf 79' lang='lat' dir='ltr'>ct</span> <span class='ocrx_word' id='word_1_291' title='bbox 371 4219 452 4278; x_wconf 70' lang='lat' dir='ltr'>deur</span> <span class='ocrx_word' id='word_1_292' title='bbox 468 4219 632 4292; x_wconf 70' lang='lat' dir='ltr'>[Gibrib‘rrerl</span> <span class='ocrx_word' id='word_1_293' title='bbox 649 4221 731 4294; x_wconf 71' lang='lat' dir='ltr'>perde</span> <span class='ocrx_word' id='word_1_294' title='bbox 748 4219 833 4291; x_wconf 74' lang='lat' dir='ltr'>mur)</span> <span class='ocrx_word' id='word_1_295' title='bbox 875 4213 931 4280; x_wconf 82' lang='lat' dir='ltr'>eit..</span> <span class='ocrx_word' id='word_1_296' title='bbox 947 4212 969 4280; x_wconf 75' lang='grc' dir='ltr'>Ι,</span> <span class='ocrx_word' id='word_1_297' title='bbox 987 4227 1027 4270; x_wconf 83' lang='lat' dir='ltr'>rr.</span> 
     </span>
     <span class='ocr_line' id='line_1_33' title="bbox 259 4293 1451 4378; baseline -0.013 -16"><span class='ocrx_word' id='word_1_298' title='bbox 259 4323 343 4360; x_wconf 82' lang='grc'><strong>«....</strong></span> <span class='ocrx_word' id='word_1_299' title='bbox 372 4305 446 4378; x_wconf 87' lang='lat' dir='ltr'>quod</span> <span class='ocrx_word' id='word_1_300' title='bbox 481 4305 661 4360; x_wconf 86' lang='lat' dir='ltr'>incontinenti</span> <span class='ocrx_word' id='word_1_301' title='bbox 691 4321 755 4360; x_wconf 88' lang='lat' dir='ltr'>curn</span> <span class='ocrx_word' id='word_1_302' title='bbox 788 4321 832 4360; x_wconf 75' lang='lat' dir='ltr'>ve</span> <span class='ocrx_word' id='word_1_303' title='bbox 910 4296 1069 4364; x_wconf 82' lang='lat' dir='ltr'>(alQueste</span> <span class='ocrx_word' id='word_1_304' title='bbox 1079 4293 1451 4370; x_wconf 80' lang='lat' dir='ltr'>espressionidelC.suMat·</span> 
     </span>
     <span class='ocr_line' id='line_1_34' title="bbox 260 4379 1449 4462; baseline -0.003 -24"><span class='ocrx_word' id='word_1_305' title='bbox 260 4401 368 4444; x_wconf 73' lang='lat' dir='ltr'>«emm</span> <span class='ocrx_word' id='word_1_306' title='bbox 403 4389 606 4462; x_wconf 66' lang='lat' dir='ltr'>imperatoriam</span> <span class='ocrx_word' id='word_1_307' title='bbox 652 4401 831 4460; x_wconf 58' lang='lat' dir='ltr'>magestatem</span> <span class='ocrx_word' id='word_1_308' title='bbox 876 4391 922 4435; x_wconf 92' lang='lat' dir='ltr'>teo</span> <span class='ocrx_word' id='word_1_309' title='bbox 938 4379 1061 4434; x_wconf 65' lang='lat' dir='ltr'>ifrsconti</span> <span class='ocrx_word' id='word_1_310' title='bbox 1081 4379 1225 4436; x_wconf 86' lang='lat' dir='ltr'>ricordann</span> <span class='ocrx_word' id='word_1_311' title='bbox 1244 4379 1264 4434; x_wconf 92' lang='lat' dir='ltr'>ii</span> <span class='ocrx_word' id='word_1_312' title='bbox 1282 4389 1349 4434; x_wconf 92' lang='lat' dir='ltr'>noto</span> <span class='ocrx_word' id='word_1_313' title='bbox 1367 4392 1449 4449; x_wconf 81' lang='lat' dir='ltr'>passo</span> 
     </span>
     <span class='ocr_line' id='line_1_35' title="bbox 259 4461 1450 4544; baseline -0.003 -24"><span class='ocrx_word' id='word_1_314' title='bbox 259 4469 535 4544; x_wconf 72' lang='lat' dir='ltr'>rupudlporriglern</span> <span class='ocrx_word' id='word_1_315' title='bbox 544 4471 754 4526; x_wconf 66' lang='lat' dir='ltr'>velSeensium</span> <span class='ocrx_word' id='word_1_316' title='bbox 767 4487 832 4526; x_wconf 76' lang='lat' dir='ltr'>con-</span> <span class='ocrx_word' id='word_1_317' title='bbox 876 4463 904 4519; x_wconf 92' lang='lat' dir='ltr'>di</span> <span class='ocrx_word' id='word_1_318' title='bbox 931 4464 1006 4519; x_wconf 87' lang='lat' dir='ltr'>Dino</span> <span class='ocrx_word' id='word_1_319' title='bbox 1031 4463 1200 4536; x_wconf 82' lang='lat' dir='ltr'>Compagni:</span> <span class='ocrx_word' id='word_1_320' title='bbox 1220 4479 1262 4518; x_wconf 82' lang='lat' dir='ltr'>«e</span> <span class='ocrx_word' id='word_1_321' title='bbox 1285 4477 1374 4516; x_wconf 83' lang='lat' dir='ltr'>venne</span> <span class='ocrx_word' id='word_1_322' title='bbox 1403 4461 1450 4534; x_wconf 84' lang='lat' dir='ltr'>gib</span> 
     </span>
     <span class='ocr_line' id='line_1_36' title="bbox 260 4546 1449 4626; baseline -0.004 -22"><span class='ocrx_word' id='word_1_323' title='bbox 260 4553 374 4624; x_wconf 82' lang='lat' dir='ltr'>rtigerit</span> <span class='ocrx_word' id='word_1_324' title='bbox 400 4553 535 4618; x_wconf 80' lang='lat' dir='ltr'>devenire,</span> <span class='ocrx_word' id='word_1_325' title='bbox 553 4569 616 4626; x_wconf 81' lang='lat' dir='ltr'>ego,</span> <span class='ocrx_word' id='word_1_326' title='bbox 633 4569 696 4610; x_wconf 83' lang='lat' dir='ltr'>cnm</span> <span class='ocrx_word' id='word_1_327' title='bbox 721 4565 832 4610; x_wconf 74' lang='lat' dir='ltr'>eentum</span> <span class='ocrx_word' id='word_1_328' title='bbox 877 4547 933 4620; x_wconf 81' lang='lat' dir='ltr'>r(l&#39;</span> <span class='ocrx_word' id='word_1_329' title='bbox 942 4547 1120 4622; x_wconf 84' lang='lat' dir='ltr'>imperatore)</span> <span class='ocrx_word' id='word_1_330' title='bbox 1134 4547 1320 4602; x_wconf 84' lang='lat' dir='ltr'>discendendo</span> <span class='ocrx_word' id='word_1_331' title='bbox 1339 4546 1366 4600; x_wconf 89' lang='lat' dir='ltr'>di</span> <span class='ocrx_word' id='word_1_332' title='bbox 1378 4557 1449 4600; x_wconf 85' lang='lat' dir='ltr'>terra</span> 
     </span>
     <span class='ocr_line' id='line_1_37' title="bbox 259 4627 1449 4706; baseline -0.005 -17"><span class='ocrx_word' id='word_1_333' title='bbox 259 4655 273 4684; x_wconf 83' lang='grc' dir='ltr'>ι</span> <span class='ocrx_word' id='word_1_334' title='bbox 285 4634 419 4706; x_wconf 85' lang='lat' dir='ltr'>equitibus</span> <span class='ocrx_word' id='word_1_335' title='bbox 428 4633 579 4691; x_wconf 86' lang='lat' dir='ltr'>honorifice</span> <span class='ocrx_word' id='word_1_336' title='bbox 595 4634 716 4702; x_wconf 84' lang='lat' dir='ltr'>munitis,</span> <span class='ocrx_word' id='word_1_337' title='bbox 730 4635 831 4690; x_wconf 83' lang='lat' dir='ltr'>ibidem</span> <span class='ocrx_word' id='word_1_338' title='bbox 878 4631 1025 4696; x_wconf 79' lang='lat' dir='ltr'>«interra,</span> <span class='ocrx_word' id='word_1_339' title='bbox 1039 4631 1180 4686; x_wconf 88' lang='lat' dir='ltr'>mettendo</span> <span class='ocrx_word' id='word_1_340' title='bbox 1198 4646 1265 4702; x_wconf 82' lang='lat' dir='ltr'>pace</span> <span class='ocrx_word' id='word_1_341' title='bbox 1281 4645 1361 4685; x_wconf 86' lang='lat' dir='ltr'>come</span> <span class='ocrx_word' id='word_1_342' title='bbox 1377 4627 1449 4684; x_wconf 87' lang='lat' dir='ltr'>fusse</span> 
     </span>
     <span class='ocr_line' id='line_1_38' title="bbox 260 4711 1450 4788; baseline -0.006 -15"><span class='ocrx_word' id='word_1_343' title='bbox 260 4717 423 4774; x_wconf 84' lang='lat' dir='ltr'>retosobis</span> <span class='ocrx_word' id='word_1_344' title='bbox 435 4719 600 4786; x_wconf 68' lang='lat' dir='ltr'>ebriamen</span> <span class='ocrx_word' id='word_1_345' title='bbox 617 4719 832 4776; x_wconf 78' lang='lat' dir='ltr'>trincexceiien·</span> <span class='ocrx_word' id='word_1_346' title='bbox 878 4731 958 4770; x_wconf 77' lang='lat' dir='ltr'>«utro</span> <span class='ocrx_word' id='word_1_347' title='bbox 976 4713 1079 4788; x_wconf 84' lang='lat' dir='ltr'>agnolo</span> <span class='ocrx_word' id='word_1_348' title='bbox 1105 4713 1133 4770; x_wconf 82' lang='lat' dir='ltr'>di</span> <span class='ocrx_word' id='word_1_349' title='bbox 1158 4713 1252 4770; x_wconf 78' lang='lat' dir='ltr'>Dios.</span> <span class='ocrx_word' id='word_1_350' title='bbox 1302 4711 1347 4769; x_wconf 87' lang='lat' dir='ltr'>Cf.</span> <span class='ocrx_word' id='word_1_351' title='bbox 1372 4713 1450 4768; x_wconf 81' lang='lat' dir='ltr'>Diuo</span> 
     </span>
     <span class='ocr_line' id='line_1_39' title="bbox 259 4797 1203 4874; baseline 0.004 -22"><span class='ocrx_word' id='word_1_352' title='bbox 259 4797 351 4854; x_wconf 81' lang='lat' dir='ltr'>«tiam</span> <span class='ocrx_word' id='word_1_353' title='bbox 369 4799 556 4858; x_wconf 80' lang='lat' dir='ltr'>srncdsrimee</span> <span class='ocrx_word' id='word_1_354' title='bbox 574 4799 643 4858; x_wconf 81' lang='lat' dir='ltr'>mihi</span> <span class='ocrx_word' id='word_1_355' title='bbox 660 4817 776 4874; x_wconf 90' lang='lat' dir='ltr'>persone</span> <span class='ocrx_word' id='word_1_356' title='bbox 788 4817 832 4858; x_wconf 84' lang='lat' dir='ltr'>se·</span> <span class='ocrx_word' id='word_1_357' title='bbox 876 4799 1041 4868; x_wconf 78' lang='lat' dir='ltr'>Coxrxoxt.</span> <span class='ocrx_word' id='word_1_358' title='bbox 1056 4799 1103 4866; x_wconf 87' lang='grc' dir='ltr'><strong>ΙΙΙ,</strong></span> <span class='ocrx_word' id='word_1_359' title='bbox 1122 4813 1203 4856; x_wconf 76' lang='lat' dir='ltr'>xxm.</span> 
     </span>
    </p>
   </div>
   <div class='ocr_carea' id='block_1_7' title="bbox 1505 1693 1612 1744">
    <p class='ocr_par' dir='ltr' id='par_1_8' title="bbox 1505 1693 1612 1744">
     <span class='ocr_line' id='line_1_40' title="bbox 1505 1693 1612 1744; baseline 0.019 -16"><span class='ocrx_word' id='word_1_360' title='bbox 1505 1693 1527 1728; x_wconf 87' lang='lat' dir='ltr'>e.</span> <span class='ocrx_word' id='word_1_361' title='bbox 1543 1695 1612 1744; x_wconf 66' lang='lat' dir='ltr'>rope</span> 
     </span>
    </p>
   </div>
   <div class='ocr_carea' id='block_1_8' title="bbox 1504 2965 1611 3010">
    <p class='ocr_par' dir='ltr' id='par_1_9' title="bbox 1504 2965 1611 3010">
     <span class='ocr_line' id='line_1_41' title="bbox 1504 2965 1611 3010; baseline 0.009 -11"><span class='ocrx_word' id='word_1_362' title='bbox 1504 2965 1526 3002; x_wconf 86' lang='lat' dir='ltr'>e.</span> <span class='ocrx_word' id='word_1_363' title='bbox 1543 2965 1611 3010; x_wconf 70' lang='lat' dir='ltr'>teet</span> 
     </span>
    </p>
   </div>
   <div class='ocr_carea' id='block_1_9' title="bbox 0 0 1934 5884">
    <p class='ocr_par' dir='ltr' id='par_1_10' title="bbox 0 0 1934 5884">
     <span class='ocr_line' id='line_1_42' title="bbox 0 0 1934 5884; baseline 0 0"><span class='ocrx_word' id='word_1_364' title='bbox 0 0 1934 5884; x_wconf 95' lang='lat' dir='ltr'> </span> 
     </span>
    </p>
   </div>
  </div>
 </body>
</html>
