3874 5886
624 567 654 624 l.
682 567 741 624 DE
768 561 1083 624 canutum.
1407 561 1444 632 15

191 803 241 860 ro·
257 807 289 860 er
301 791 444 878 Ayones,
457 811 532 860 cum
543 785 703 859 Gambara
712 805 889 870 matresua,
899 783 1079 857 scatinavia
1091 783 1125 842 (¹)
1136 805 1217 878 quae
1230 785 1320 856 estin
1330 779 1447 856 finibus

257 907 461 989 Germaniae,
480 906 566 974 iuxta
586 903 768 988 Oceanum,
792 925 904 973 eorum
927 902 1019 993 primi
1042 901 1138 972 duces
1163 925 1237 970 cum
1255 899 1393 992 parvulis
1417 917 1448 969 et

257 1021 408 1092 uxoribus
428 1039 593 1103 attraxere,
612 1017 726 1110 quibus
738 1018 907 1089 necessitas
919 1015 1014 1100 exilii,
1025 1015 1163 1086 sortibus
1175 1013 1288 1098 ductis,
1300 1033 1449 1086 evenerat

256 1153 292 1206 ut
306 1137 416 1206 ceteris
432 1135 538 1204 minor
556 1135 664 1225 inopia
678 1131 779 1204 victus
799 1129 881 1204 foret
892 1133 937 1201 (¹).
983 1155 1057 1202 nam
1077 1133 1144 1222 ipsa
1159 1131 1247 1222 regio
1270 1151 1347 1202 tunc
1362 1149 1449 1200 tanta

257 1271 322 1320 erat
341 1251 445 1342 gentis
464 1249 668 1320 multitudine
681 1247 691 1340 l
706 1249 866 1340 populata,
882 1268 916 1318 ut
930 1267 1083 1318 terrarum
1102 1245 1220 1316 fructus
1240 1269 1306 1316 non
1325 1243 1449 1316 suffice-

191 1381 227 1448 15
257 1365 374 1436 rentii)
392 1383 514 1434 tantam
533 1363 616 1433 alere
634 1383 777 1454 gentem.
824 1387 884 1434 nec
902 1363 1021 1432 mbum
1044 1383 1118 1432 cum
1141 1361 1210 1452 ipsa
1233 1379 1375 1431 contrata
1390 1360 1449 1431 sub

256 1487 356 1554 Arcto
378 1483 438 1554 sita
460 1500 478 1551 a
500 1479 577 1552 solis
600 1501 688 1551 aestu
716 1499 850 1564 remota,
876 1479 1013 1571 ideoque
1041 1479 1160 1549 alendis
1188 1479 1372 1570 corporibus
1391 1479 1448 1548 ho·

258 1599 384 1670 minum
395 1601 501 1668 minus
513 1599 548 1654 (ί)
566 1616 648 1690 apta,
660 1599 731 1688 plus
742 1619 839 1688 quam
849 1598 960 1668 ceteris
973 1597 1168 1688 germinans,
1180 1597 1353 1666 Germania
1368 1595 1451 1664 dicta

257 1715 353 1784 situ).
399 1713 433 1782 hi
456 1713 651 1796 Germanici,
674 1708 883 1804 postmodum
902 1714 936 1780 in
952 1711 1075 1795 itinere,
1091 1733 1109 1778 a
1126 1711 1232 1802 longis
1248 1707 1351 1780 bardis
1370 1709 1451 1778 idest

257 1831 364 1922 longis
375 1827 478 1900 barbis
493 1823 699 1920 longobardi
714 1825 790 1898 dicti
809 1827 936 1898 sunto).
982 1847 1059 1897 nam
1077 1849 1133 1916 per
1148 1823 1267 1896 multos
1282 1847 1394 1909 annos,
1414 1847 1450 1895 ac

188 1955 231 2006 20
257 1945 455 2040 plurimaslil
472 1945 644 2014 hominum
667 1963 798 2026 aetates,
820 1941 879 2012 sub
902 1942 1041 2034 pluribus
1063 1940 1197 2012 ducibus
1221 1939 1289 2010 sive
1311 1937 1451 2031 regibus,

258 2061 435 2132 successive
459 2060 584 2128 incertis
607 2053 735 2128 sedibus
754 2055 947 2149 vagabundi,
970 2057 1153 2148 priusquam
1173 2053 1296 2126 ltaliam
1316 2057 1451 2146 attinge·

258 2193 339 2260 rent,
352 2197 494 2245 erravere
510 2169 650 2244 multum
664 2171 796 2265 periculi
810 2191 905 2264 atque
920 2169 1014 2242 cladis
1026 2195 1082 2262 per
1095 2193 1173 2262 quas
1185 2169 1359 2262 pergebant
1372 2193 1451 2262 gen·

259 2290 343 2362 tibus
368 2288 548 2360 inferentes.
594 2309 670 2359 nam
689 2308 762 2380 post
780 2285 856 2358 Ibor
873 2307 905 2358 et
922 2285 1039 2378 llyone
1050 2287 1096 2372 (⁴),
1115 2285 1300 2378 priusquam
1324 2283 1364 2356 ad
1388 2287 1451 2357 lta·

258 2405 334 2474 liam
352 2407 564 2496 pervenirent,
580 2405 693 2474 decem
711 2397 750 2472 de
773 2426 808 2472 se
830 2403 1010 2472 successive
1027 2421 1119 2492 reges
1138 2399 1296 2472 habrere:
1311 2425 1451 2494 quorum

188 2530 230 2600 25
259 2519 402 2592 decimus
430 2519 489 2590 luit
513 2517 682 2610 Alboynus
702 2516 738 2576 (⁸)
756 2517 767 2612 Ι
788 2516 827 2588 de
849 2541 914 2611 quo
938 2515 1012 2590 diri.
1058 2537 1131 2610 post
1159 2541 1258 2611 quern
1282 2520 1388 2610 plures
1418 2521 1451 2590 in

259 2635 350 2708 ltalia
368 2655 539 2728 regnarunt
554 2655 657 2726 reges,
679 2656 817 2726 quorum
835 2635 1023 2726 plerumque
1042 2633 1170 2705 luerunt
1187 2632 1278 2705 sedes
1294 2633 1375 2705 inter
1392 2633 1451 2704 Ti·

259 2755 368 2823 cinum
387 2771 419 2822 et
436 2748 586 2822 Abduam
601 2751 637 2808 (ἴ)
655 2749 826 2842 aliquando
842 2747 1027 2834 Mediolani,
1046 2749 1103 2820 sed
1120 2747 1157 2809 (Ι)
1179 2750 1366 2842 plemmque
1390 2751 1450 2820 Pa-

258 2867 348 2958 piae;
372 2887 445 2937 cum
464 2867 546 2935 inter
564 2883 733 2956 utrumque
755 2863 877 2934 flumen
896 2887 936 2934 eo
958 2885 1103 2956 tempore
1126 2861 1230 2934 nullae
1254 2863 1332 2934 aliae
1356 2865 1449 2934 urbes

259 2979 372 3052 forent.
419 2982 497 3052 haec
515 2977 555 3052 de
574 2980 659 3052 urbis
674 2999 801 3052 nostrae
813 2981 873 3050 situ
890 3001 985 3073 atquc
1004 2977 1116 3050 incolis
1135 2979 1229 3064 dicta,
1249 3001 1330 3071 quae
1353 2980 1449 3050 ctiam

190 3105 233 3174 3⁰
259 3097 359 3166 timeo
382 3119 423 3166 ne
446 3092 555 3168 lectori
578 3091 720 3168 taedium
742 3093 898 3180 dederint,
919 3095 1086 3166 sufficiant.
1138 3093 1344 3186 promisimus
1363 3095 1450 3166 enirn

261 3211 424 3304 magnifici
438 3213 637 3304 imperatoris
654 3207 784 3282 lienrici
799 3227 888 3304 gesta
903 3211 1037 3282 scribere
1048 3211 1094 3280 ὓ).
1139 3231 1264 3294 verum,
1279 3227 1315 3281 ut
1326 3209 1450 3282 debitus

260 3329 365 3399 honor
382 3324 474 3398 detur
490 3331 596 3410 rebus,
614 3327 796 3420 priusquam
810 3325 850 3396 de
868 3346 959 3396 tanto
976 3327 1118 3418 principe
1136 3347 1319 3396 sermonem
1343 3345 1449 3396 tenea-

260 3467 344 3528 mus,
363 3466 404 3513 ne
422 3442 510 3512 velut
526 3443 623 3513 illotis
643 3443 790 3514 manibus
807 3443 847 3514 ad
865 3441 947 3512 laeta
964 3442 1116 3512 convivia
1133 3439 1381 3528 discumbentes,
1398 3467 1451 3512 ru·

260 3559 386 3630 dicitatc
409 3561 508 3630 nimia
530 3561 768 3652 redarguamur,
790 3561 922 3652 praefari
945 3559 1047 3652 placet
1070 3561 1104 3630 in
1128 3561 1213 3632 hunc
1236 3559 1374 3632 modum
1391 3563 1431 3629 (Ι).

314 3729 345 3786 (ι)
359 3729 400 3777 Λα
414 3733 590 3776 memte
603 3729 708 3776 smum
765 3731 796 3786 (b)
812 3730 851 3778 Bb
865 3737 890 3776 ut
903 3742 944 3778 occ
957 3737 1065 3778 marum
1079 3729 1167 3778 hctus
1180 3727 1307 3778 sufficerent
1375 3731 1406 3788 (c)
1422 3729 1450 3776 lrr

263 3809 304 3856 Η
317 3821 400 3856 ma
414 3809 488 3854 minue
555 3809 587 3866 (d)
603 3807 642 3854 Bb
656 3809 738 3854 mettas
804 3811 833 3866 (el
849 3809 893 3856 ert
907 3809 1049 3856 lem
1066 3812 1092 3856 ta
1105 3811 1158 3856 Bt:
1172 3809 1231 3857 Νη
1245 3821 1284 3870 per
1303 3817 1400 3856 caoctoe
1413 3823 1454 3856 arr·

260 3899 348 3934 roem·
363 3887 489 3946 venemo&
503 3887 635 3946 mmcqerm
649 3887 677 3934 ed
691 3889 778 3936 trenno
791 3889 933 3946 mestrem
942 3889 1021 3936 duem
1030 3889 1058 3935 de
1067 3901 1091 3935 ee
1102 3889 1174 3948 teg·
1181 3889 1451 3940 mensuretnoeemot.

261 3979 358 4026 epm
372 3967 474 4014 decimu
482 3966 704 4014 tattmbmriutrnes
759 3967 907 4024 titutione
921 3967 1033 4016 Tkenem
1046 3979 1067 4016 et
1081 3969 1170 4016 addam
1237 3971 1271 4028 (Ι)
1285 3971 1328 4016 Λα
1341 3981 1452 4016 mm·

260 4047 434 4094 matteas
489 4047 1318 4108 otovoeumnmnugnmmpommauenmmmm
1372 4049 1448 4106 <rina

260 4127 342 4176 econ
351 4141 380 4174 ικ
390 4129 452 4175 aaut
466 4127 646 4174 {vesamum
654 4128 683 4174 aa
696 4129 754 4174 run
768 4127 873 4176 enervo
887 4128 1053 4176 amnena
1066 4127 1186 4176 mutante
1199 4129 1267 4176 unr-
1280 4129 1449 4190 neuma.

264 4207 364 4256 Ptufitl

292 4310 797 4389 (r)Pauu1Dmeovriiist.Lang.1,§
811 4333 832 4373 r.
878 4338 894 4369 a
904 4329 950 4372 nat
959 4317 1008 4376 tc.
1019 4327 1113 4390 gentes
1123 4331 1249 4390 egressae
1259 4327 1320 4374 sunt
1329 4335 1355 4374 e.
1365 4317 1450 4382 idem,

294 4401 338 4472 (a)
352 4421 368 4450 e
379 4401 585 4458 Germanis....
595 4401 699 4457 morbis
714 4403 832 4458 abundat
876 4402 895 4458 l.
911 4419 933 4458 c.

260 4495 313 4540 «ct
327 4485 474 4540 educandis
489 4485 578 4540 minus
594 4497 634 4540 est
653 4497 715 4558 apta
730 4497 831 4542 morta·
911 4487 953 4558 (ς)
969 4485 1053 4552 idem,
1069 4487 1097 4542 in
1109 4503 1154 4560 ep.
1170 4485 1224 4556 eit,
1241 4487 1262 4550 1.
1277 4500 1337 4560 ⁴¹3·

261 4567 363 4624 «libne
400 4569 480 4625 Unde
490 4567 519 4624 fit
529 4581 557 4626 ut
567 4583 657 4626 tantae
666 4571 831 4644 populorum
911 4567 1202 4640 (vultuositatem
1227 4569 1299 4626 neila
1325 4569 1448 4628 edizione

261 4653 470 4710 «multitudines
486 4655 590 4710 Arctoo
609 4655 658 4710 sub
678 4669 726 4711 are
744 4655 832 4710 orian·
875 4655 909 4710 dr
927 4653 967 4710 lui
990 4667 1081 4710 eurrta
1106 4654 1134 4710 di
1152 4653 1183 4709 P.
1202 4653 1328 4711 Diacono
1352 4655 1450 4728 (llam-

259 4749 397 4794 etur:....
420 4739 523 4794 multae
544 4755 654 4812 quoque
676 4755 708 4794 ex
728 4755 762 4796 ea
781 4755 830 4812 pro
874 4740 961 4811 burgi,
979 4737 1058 4810 abur)
1073 4741 1095 4796 si
1109 4749 1217 4796 aucune
1232 4739 1446 4797 elledueiorme

260 4837 321 4876 «co
339 4821 412 4895 quod
439 4833 528 4878 tantos
553 4821 709 4878 mortalium
733 4823 831 4897 germi·
875 4821 901 4878 di
917 4825 998 4896 Aitna
1013 4839 1028 4878 e
1044 4825 1148 4896 Aaou.
