3860 5884
473 481 516 565 36
944 493 1189 552 ursaonae

471 735 569 798 catus,
593 739 632 784 eo
655 737 761 798 mane,
785 716 825 786 ad
843 739 954 808 regem
977 735 1117 801 venerat,
1140 739 1268 808 parcere
1297 717 1409 808 nequit
1430 717 1495 785 irae
1514 739 1589 786 suae
1612 718 1660 786 in·

470 832 597 922 quiens:
626 831 705 900 «hic
722 831 763 901 de
781 855 846 923 quo
870 833 1005 903 nuncius
1027 835 1086 902 iste
1101 833 1242 923 loquitur
1257 851 1418 902 contratae
1433 849 1559 902 nostrae
1582 833 1660 902 olim
1692 831 1753 918 185

470 946 645 1034 pessimum
657 947 754 1028 vims‚
765 964 796 1014 et
809 947 908 1016 totius
921 945 1131 1014 Lombardiae
1144 945 1197 1015 diu
1205 944 1336 1015 bellicae
1348 946 1445 1036 pestis
1460 967 1553 1016 causa
1562 945 1660 1016 fuit».

470 1063 610 1130 Maneus
629 1061 758 1130 tandem
782 1062 887 1130 aulam
910 1063 994 1152 regis
1014 1061 1178 1146 accedens,
1206 1080 1300 1152 atque
1330 1062 1559 1152 inconspectu
1584 1085 1660 1130 con·

469 1178 626 1246 sultomm
642 1201 820 1268 procemm,
844 1178 948 1248 debita
966 1179 1141 1248 reverentia
1157 1176 1240 1247 facta
1262 1177 1341 1268 regi,
1365 1176 1405 1247 ad
1422 1177 1574 1247 comitem
1586 1177 1660 1246 Phi·

469 1295 643 1386 lipponem,
667 1319 764 1385 quem
788 1294 873 1364 haud
896 1295 994 1386 longe
1024 1320 1043 1364 a
1064 1296 1160 1364 latere
1183 1295 1268 1384 regis
1291 1293 1381 1378 vidit,
1405 1295 1503 1363 tensis
1527 1293 1661 1362 brachiis

469 1411 571 1480 tendit
584 1413 700 1501 ipsum,
715 1413 741 1480 si
755 1413 901 1502 patiatur,
916 1411 1063 1501 amplecti
1084 1412 1208 1480 volens.
1253 1433 1368 1479 verum
1383 1409 1462 1478 dum
1481 1433 1590 1481 comes
1606 1409 1660 1480 be-
1691 1425 1755 1492 190

469 1525 567 1612 nigne
585 1522 746 1592 offerentis
770 1524 955 1613 amplexum
973 1521 1056 1612 fugit
1077 1524 1112 1592 in
1136 1523 1230 1591 aliam
1248 1541 1371 1614 partem
1394 1547 1464 1592 sese
1487 1523 1632 1608 volvens,
1651 1525 1661 1614 Ι

469 1639 555 1730 quod
578 1640 706 1708 humilis
721 1639 887 1730 pmdentia
905 1659 938 1709 et
952 1640 1092 1729 pmdens
1106 1639 1258 1729 patientia
1273 1639 1353 1708 tanti
1372 1639 1442 1723 viri,
1461 1639 1515 1708 illo
1527 1639 1562 1695 (¹)
1575 1662 1659 1724 casu,

468 1754 573 1843 potuit
592 1777 610 1821 a
627 1777 661 1821 se
681 1753 766 1823 lecit.

534 1871 622 1940 Nam
646 1873 785 1940 Matteus
808 1870 1003 1960 indignantis
1037 1871 1162 1940 comitis
1185 1872 1279 1954 latus,
1298 1869 1440 1961 benigno
1463 1871 1564 1954 vultu,
1595 1893 1660 1938 am·
1768 1918 1774 1932 .

468 1985 579 2074 plexus
599 2003 647 2054 est
662 1987 825 2076 inquiens:
855 2013 871 2050 n
884 2009 969 2056 nunc
986 2004 1113 2076 tempus
1137 2003 1185 2054 est
1208 1985 1351 2054 oblivisci
1374 2009 1456 2076 quae
1472 1985 1555 2054 mala
1573 2003 1659 2068 sunt,
1691 2002 1752 2068 195

469 2118 501 2167 et
514 2101 600 2190 pacis
623 2103 712 2191 sequi
729 2101 827 2183 viam,
848 2118 882 2169 ut
901 2101 975 2171 inde
995 2100 1087 2170 nobis
1110 2103 1187 2192 ipsis
1206 2102 1298 2170 utiles
1321 2101 1504 2191 placeamus
1524 2099 1659 2170 domino

469 2233 580 2284 nostro
603 2217 681 2306 regi,
702 2217 790 2285 cuius
813 2216 980 2299 adventus,
1003 2219 1030 2286 si
1053 2215 1131 2307 quid
1154 2217 1247 2286 nobis
1270 2215 1364 2286 fuerit
1386 2218 1487 2306 pensi,
1508 2217 1579 2307 quis
1603 2215 1662 2286 du·

470 2329 557 2412 bitat,
576 2330 654 2420 quin
672 2330 712 2398 sit
730 2349 860 2398 nostrae
876 2331 989 2420 quietis
1001 2348 1033 2399 et
1044 2331 1129 2399 vitae
1148 2352 1243 2398 causa
1254 2331 1296 2398 iu
1346 2328 1480 2399 adhaec
1498 2331 1660 2398 Antonius

470 2445 509 2514 de
524 2445 690 2536 Fissiraga,
706 2443 765 2512 hos
782 2445 918 2514 humiles
935 2445 1047 2514 Mataei
1067 2445 1233 2536 amplexus
1249 2465 1280 2514 et
1294 2445 1361 2534 ipse
1380 2445 1525 2528 reiciens,
1544 2446 1577 2513 in
1593 2463 1660 2512 tam

470 2561 626 2630 humilem
640 2580 672 2630 et
686 2580 890 2631 mansuetum
906 2563 1011 2630 virum
1026 2562 1165 2630 nimium
1179 2563 1304 2652 procaci
1321 2583 1470 2631 sermone
1486 2583 1574 2644 usus,
1585 2561 1660 2628 talia
1688 2577 1756 2626 200

469 2697 550 2744 voce
568 2697 661 2744 rauca
679 2674 797 2744 reddit:
826 2677 987 2758 «Mance,
1001 2677 1133 2756 Mattee,
1147 2677 1217 2767 quis
1240 2694 1308 2744 tam
1326 2677 1449 2765 patiens
1473 2699 1541 2744 non
1556 2675 1661 2744 turbe·

468 2809 529 2874 tur,
543 2790 569 2858 si
585 2809 616 2859 et
632 2811 702 2873 uos,
714 2791 769 2880 qui
788 2791 937 2858 omnium
953 2813 1034 2880 quos
1048 2809 1131 2859 terra
1146 2792 1282 2860 sustinet
1297 2791 1428 2882 pessimi
1444 2791 1529 2874 estis,
1541 2791 1659 2882 quique

467 2904 570 2974 fuistis
593 2907 690 2975 totius
713 2905 813 2974 Italici
838 2906 1040 2988 causamn,
1064 2905 1205 2996 dumque
1229 2907 1384 2996 regnastis
1407 2905 1524 2974 nullius
1546 2907 1556 2996 ss
1576 2905 1659 2974 urbis

469 3021 554 3090 cives
567 3023 763 3112 requiescere
774 3021 971 3112 permisistis,
987 3021 1076 3090 velut
1092 3023 1276 3091 communis
1289 3020 1546 3092 Lombardomm
1562 3023 1658 3112 pestis

468 3161 500 3210 et
518 3141 630 3226 hostis,
644 3143 762 3233 quique
781 3139 895 3224 fuistis,
909 3141 1102 3231 ubicumque
1114 3141 1218 3230 attigit
1232 3163 1346 3210 manus
1361 3159 1476 3225 vestra,
1495 3139 1659 3232 publicum
1687 3151 1732 3201 20
1734 3154 1754 3221 5

467 3279 579 3326 semen
597 3257 681 3340 belli,
700 3279 822 3346 pacem·
836 3256 986 3346 quaeritis
1006 3274 1037 3324 et
1054 3257 1214 3346 quieteml
1261 3279 1384 3339 nonne,
1400 3255 1478 3326 dum
1500 3255 1660 3346 potuistis,

468 3373 678 3443 conlundistis
701 3391 733 3441 et
756 3371 966 3441 conturbastis
988 3371 1148 3440 mundum
1171 3391 1203 3440 et
1226 3373 1392 3442 neminem
1415 3372 1601 3462 permisistis
1624 3372 1659 3440 in

466 3487 594 3576 paceio
643 3503 675 3554 at
709 3485 762 3554 ille
786 3485 961 3554 humiliter:
1000 3502 1156 3576 «tempus
1189 3505 1247 3570 est,
1270 3487 1383 3576 inquit,
1418 3485 1510 3555 malis
1542 3485 1659 3555 nostris

466 3601 565 3671 finem
584 3602 793 3692 imponeres.
839 3598 1006 3670 subridens
1025 3601 1131 3690 itaque
1149 3623 1206 3668 rex
1225 3601 1286 3669 ait:
1315 3602 1408 3668 niam
1428 3601 1510 3669 inter
1532 3623 1593 3670 vos
1612 3600 1657 3669 di·

467 3715 564 3784 midia
581 3738 642 3804 pax
665 3714 747 3784 facta
765 3733 813 3784 est
824 3740 855 3782 n.
1686 3724 1756 3776 210

533 3831 630 3898 Tunc
653 3831 793 3920 primum
810 3852 867 3898 rex
883 3831 1043 3900 Matteum
1062 3849 1094 3900 et
1113 3849 1255 3900 caeteros
1270 3828 1505 3900 Gibellinomm
1528 3831 1659 3900 exulum

467 3945 623 4037 principes
645 3945 801 4036 propitios
821 3943 942 4028 habuit,
961 3968 997 4012 ac
1021 3945 1156 4014 consilio
1180 3967 1240 4014 suo
1264 3945 1309 4015 uti
1333 3945 1448 4036 coepit.
1494 3943 1583 4036 quod
1605 3943 1659 4013 obi

468 4085 577 4130 comes
596 4081 628 4132 et
651 4063 812 4130 Antonius
835 4079 867 4130 et
886 4061 1012 4150 Symon
1032 4060 1072 4129 de
1092 4059 1275 4132 Colobiono
1305 4060 1548 4131 Advocatorum
1566 4059 1658 4129 fami·

466 4179 526 4247 liae
541 4179 661 4268 primus
678 4195 772 4267 atque
784 4177 816 4246 in
828 4175 981 4246 Vercellis
1000 4176 1197 4266 Guelphicae
1208 4177 1304 4266 partis
1321 4176 1385 4247 dux
1402 4201 1540 4260 sensere,
1557 4179 1659 4259 omni,

466 4317 564 4385 quam
583 4295 617 4363 in
635 4317 710 4384 rege
724 4293 851 4386 (spem)
870 4291 1054 4376 habuerant,
1067 4315 1123 4383 spe
1137 4293 1251 4383 posita,
1261 4315 1318 4362 sua
1333 4294 1368 4362 in
1382 4293 1556 4384 perniciem
1574 4293 1659 4382 regis
1686 4299 1752 4368 215

309 4429 329 4464 e.
347 4430 414 4476 ¹0⁵·
468 4411 600 4479 consilia
615 4430 692 4480 tunc
706 4411 715 4500 ll
730 4411 870 4500 primum
889 4409 1063 4478 mutavisse
1077 4407 1229 4478 semntur.
1275 4409 1659 4500 quibus‚con1municato

468 4524 603 4593 consilio
626 4525 733 4594 utilius
755 4524 862 4592 visum
884 4541 944 4608 est,
962 4523 990 4592 si
1012 4545 1110 4614 quam
1133 4523 1218 4592 viam
1242 4523 1378 4592 viderint
1393 4523 1456 4592 alio
1475 4547 1572 4614 quarn
1591 4525 1660 4594 Me·

520 4791 553 4847 (a)
567 4789 606 4834 at
619 4789 666 4834 ullo
