3860 5884
602 561 628 616 1.
657 561 715 617 oe
744 557 1059 618 CERMENATF..
1382 561 1424 630 79

239 783 428 874 agnoscisne
443 807 529 854 nuuc
553 785 629 876 quid
645 787 757 876 egeris,
776 785 860 854 bone
882 809 950 869 rex,
968 785 1218 874 Supremontem
1242 801 1272 852 et
1290 783 1427 874 reliquos

239 899 279 970 ad
297 921 329 970 te
348 921 521 970 conversos
539 920 572 971 et
590 903 729 970 criminis
749 903 949 992 poenitentes
969 901 1098 970 carceris
1117 923 1223 992 poena
1248 899 1429 968 damnans?
1514 971 1518 978 ,

240 1035 316 1084 tunc
332 1033 443 1084 ronna
454 1035 486 1086 te
501 1016 637 1086 clausisti
653 1035 757 1106 portas
768 1037 804 1085 et
821 1017 948 1086 armasti
965 1017 1049 1086 cives
1066 1017 1190 1085 Brixiae
1204 1016 1249 1100 (¹),
1269 1013 1429 1104 peremisti

174 1161 214 1208 10
241 1129 387 1198 militiam
401 1149 500 1200 tuam.
538 1131 693 1222 profecto,
704 1133 887 1223 priusquam
903 1133 1033 1222 potiaris
1049 1131 1136 1215 urbe,
1149 1151 1261 1222 gentes
1275 1154 1357 1222 quae
1372 1129 1429 1198 tibi

240 1245 382 1314 serviunt
401 1267 473 1315 ante
493 1270 602 1317 muros
622 1249 755 1330 Brixiae,
768 1270 859 1316 more
878 1247 932 1316 diu
950 1247 1061 1316 stantis
1085 1268 1184 1337 aquae
1201 1245 1298 1336 longa
1316 1247 1349 1314 in
1367 1264 1430 1314 sta·

241 1362 340 1444 tione,
353 1361 551 1452 languebunt
569 1363 694 1434 morbo.
740 1363 802 1432 hoc
819 1363 874 1432 tibi
893 1363 954 1431 soli
972 1363 1110 1453 imputes
1128 1363 1173 1431 (i).
1220 1385 1323 1453 neque
1342 1363 1429 1430 enim

242 1497 352 1548 contra
368 1480 570 1550 clementiam
585 1481 667 1550 ullus
675 1502 852 1571 numquam
862 1479 1038 1549 audiendus
1046 1497 1103 1548 est.
1135 1479 1227 1548 huius
1239 1496 1346 1547 tamen
1357 1501 1431 1546 con·

242 1591 302 1660 siiii
321 1609 485 1662 auctorem
503 1593 632 1676 nescio;
652 1594 774 1662 utinam
792 1593 880 1662 solus
899 1593 1016 1674 liceret,
1036 1593 1125 1662 cuius
1144 1591 1275 1662 inductu
1291 1614 1430 1682 poenam

177 1737 213 1802 ¹5
243 1705 393 1776 sufferant
410 1705 609 1789 innocentes,
629 1707 733 1797 etqui
752 1705 846 1776 huius
869 1705 1008 1775 adventu
1026 1707 1175 1796 principis
1198 1707 1342 1796 requiem
1360 1727 1430 1795 spe·

239 1820 354 1920 gabant
375 1841 449 1912 post
465 1823 475 1913 Ι
494 1821 645 1904 laborem,
669 1822 781 1892 solutis
803 1821 1092 1912 perturbationibus
1114 1839 1146 1889 et
1169 1819 1431 1912 angustiis,iabo·

244 1937 357 2006 rabunt
382 1939 498 2006 iterum
529 1939 598 2006 sine
622 1938 730 2027 culpai
777 1957 860 2006 certe
891 1939 1004 2006 civitas
1035 1938 1216 2021 Brixiensis,
1240 1938 1310 2005 altis
1333 1937 1432 2006 muris

245 2049 398 2141 fossisque
414 2050 537 2134 vallata,
545 2052 644 2142 portis
656 2053 752 2120 etiam
764 2051 874 2133 firmis,
884 2051 1041 2142 repagulis
1054 2052 1166 2120 clausis
1177 2051 1221 2134 (⁶),
1234 2053 1432 2142 inexpugna-

245 2165 314 2236 bilis
337 2187 401 2250 est;
424 2165 536 2236 frustra
559 2169 657 2236 etiam
680 2187 845 2258 expectare
863 2189 1035 2258 possumus
1047 2167 1134 2258 quod
1153 2165 1339 2236 Thebaldus
1356 2169 1433 2236 Bru·

174 2309 218 2357 20
243 2303 340 2364 satus,
359 2281 521 2373 patefactis
535 2283 645 2373 portis,
663 2283 798 2352 domino
813 2303 874 2351 suo
886 2283 1016 2351 humilis
1036 2285 1143 2351 veniat
1157 2284 1190 2351 in
1209 2305 1378 2352 occursum
1388 2283 1434 2364 (ii,

245 2423 346 2489 nuper
368 2423 408 2468 ex
431 2399 603 2490 dexperato
626 2399 720 2469 exule
744 2397 843 2470 sactus
862 2399 950 2468 civis.
996 2401 1140 2490 peccavit
1158 2401 1189 2468 in
1213 2416 1243 2468 te
1264 2397 1433 2469 domiuum

244 2535 339 2581 suum
352 2513 582 2582 Cremonensis
594 2511 740 2596 Guelius,
752 2535 812 2581 nec
826 2535 893 2580 non
906 2513 1078 2582 Brixiensis
1090 2511 1288 2594 Thebaldus,
1301 2531 1434 2602 uterque

246 2629 385 2696 criminis
403 2652 475 2698 reus
499 2647 556 2698 est
602 2651 716 2696 verum
739 2627 790 2698 ilie
808 2629 854 2712 (⁶),
867 2647 974 2718 spreto
994 2629 1139 2720 imperio,
1158 2650 1256 2718 quem
1275 2647 1435 2718 receperat

245 2743 331 2820 alter,
355 2765 374 2811 a
396 2766 473 2834 quo,
494 2743 650 2812 beneficio
669 2745 813 2813 eiusdem
831 2743 914 2834 regis
933 2743 978 2826 (f),
1002 2762 1146 2833 receptus
1170 2741 1282 2826 suerat,
1292 2745 1434 2812 vicinum

176 2881 216 2948 25
246 2881 340 2928 suum
360 2859 489 2948 expulit.
535 2857 713 2949 sperabitne
729 2858 854 2926 veniam
874 2857 1061 2927 Thebaldus
1075 2877 1148 2949 post
1166 2878 1290 2928 tantum
1309 2859 1435 2928 scelus?

246 2973 389 3066 profecto
413 2975 580 3065 cognitum
599 2995 631 3044 et
649 2993 815 3064 expertum
834 2975 870 3032 (Β)
888 2973 976 3064 quod
994 2973 1123 3065 perfidia
1142 2975 1255 3042 maiori
1274 2993 1385 3064 peccat
1403 2977 1435 3044 in

247 3087 417 3158 dominum
436 3089 487 3157 vei
506 3090 646 3158 amicum
664 3087 782 3170 tardus,
801 3089 852 3176 etl
870 3087 1057 3178 plerumque
1077 3111 1254 3178 numquam
1274 3087 1434 3157 redibitio

248 3205 356 3290 iidem,
377 3205 457 3276 forre
484 3207 652 3298 desperans
682 3207 737 3297 qui
763 3205 931 3275 offenderit
958 3207 1093 3296 gratiam
1112 3205 1236 3274 domini
1260 3205 1312 3274 vel
1330 3205 1435 3274 amici.

248 3317 327 3386 heu!
351 3341 449 3408 quam
472 3317 598 3388 difficile
621 3337 679 3400 est,
697 3337 980 3409 quantumcunque
1004 3318 1144 3388 clemens
1168 3317 1317 3402 fireritin
1337 3317 1437 3388 fidem

180 3455 222 3522 30
248 3431 381 3514 trahere,
401 3435 455 3524 qui
475 3431 589 3502 diffidit
608 3455 701 3502 causa
720 3434 783 3502 sui!

289 3575 293 3586 ’
315 3549 473 3618 xxxvi.
519 3551 630 3639 Itaque
644 3571 717 3618 cum
730 3549 870 3616 maxima
886 3548 1087 3618 multitudine
1107 3549 1249 3640 equitum
1270 3569 1364 3640 atque
1382 3573 1437 3641 pe·

250 3663 352 3732 ditum
376 3667 409 3734 in
431 3665 569 3734 statione
592 3667 678 3733 iuxta
702 3666 841 3734 Brixiam
864 3667 950 3734 stetit
972 3688 989 3733 a
1013 3687 1124 3736 mense
1148 3666 1251 3758 aprilis
1274 3689 1374 3758 usque
1398 3667 1437 3736 ad

303 3959 335 4012 (a)
351 3957 389 4000 Aa
403 3963 424 4000 er
438 3955 529 4002 umaatl
543 3953 606 4001 cirea
618 3953 709 4002 Brixiae
722 3967 785 4000 more
798 3951 837 4000 diu
851 3953 931 4000 stantia
944 3965 1016 4011 aquae
1030 3953 1090 4010 larga
1105 3953 1127 3998 in
1142 3953 1238 4000 natione
1291 3957 1323 4012 (b)
1340 3955 1383 4002 Bb
1395 3955 1439 4002 iroc

249 4033 289 4078 tibi
299 4035 340 4078 aoii
351 4035 454 4092 imputes·
477 4041 538 4080 cerie
545 4035 626 4080 civitas
636 4033 757 4080 Briaiensia
797 4035 827 4090 (c)
841 4035 881 4078 Bb
894 4032 967 4092 portia
976 4031 1043 4078 niam
1053 4031 1130 4086 mh,
1139 4032 1317 4092 impugnabilis
1353 4035 1385 4090 (di
1399 4035 1440 4080 Bb

251 4115 325 4160 sepiar
342 4113 433 4159 humilia
449 4114 471 4158 io
491 4127 618 4168 acturum,
636 4115 674 4174 qui
696 4125 741 4160 noa
764 4113 833 4159 modo
853 4113 1024 4164 &mammea
1046 4125 1127 4158 aarum
1147 4111 1214 4158 etiam
1231 4123 1327 4160 canem
1348 4113 1440 4160 italicae

250 4191 344 4246 raelaia.
357 4203 384 4236 ae
397 4191 502 4250 perfidiae
514 4193 590 4238 undio
603 4191 666 4246 tiela.
680 4201 703 4238 et
717 4203 787 4249 raupa
799 4205 828 4238 aa
841 4191 907 4236 devio
922 4191 988 4236 aaaie
1002 4189 1076 4236 iaetus
1089 4189 1153 4244 civia,
1166 4191 1236 4250 puiala
1254 4191 1294 4250 qui
1304 4191 1343 4236 riiai
1362 4193 1439 4238 urbem

250 4271 365 4328 dederam,
379 4271 459 4320 ricinia
473 4275 529 4330 auia,
543 4275 582 4332 qai
597 4285 648 4320 euna
660 4281 789 4333 receperant
803 4281 843 4320 tuo
856 4273 928 4326 inacta.
941 4273 1045 4318 Mem
1055 4285 1081 4318 ae
1096 4273 1168 4320 laesae
1181 4273 1303 4320 maiestatia
1316 4285 1379 4318 reum
1392 4285 1441 4318 aeae

252 4351 311 4397 iecit.
338 4353 441 4408 paream
494 4355 524 4406 (ei
542 4353 591 4410 Bb,
605 4355 656 4408 Aa,
670 4353 709 4400 Aa
722 4353 772 4401 hie:
787 4353 848 4398 ilar.
864 4353 1022 4400 Oenoanda
1075 4353 1106 4408 (i)
1123 4353 1166 4400 Bb
1178 4367 1191 4398 a
1204 4365 1257 4412 qao.
1271 4351 1380 4398 beneficio
1393 4361 1440 4406 tuo,

250 4437 353 4488 raamias
414 4433 446 4490 (ι)
464 4431 505 4478 Bb
519 4431 644 4490 mutae
658 4430 746 4476 veniam
759 4429 875 4476 Tebaidua
887 4439 938 4488 poat
951 4437 1038 4476 tantum
1051 4431 1133 4486 euius,
1146 4429 1221 4476 audta
1231 4429 1374 4488 Sapeammti
1389 4429 1440 4476 data

250 4509 346 4556 moeris
359 4511 447 4568 poam?
474 4509 528 4558 Coei
542 4513 565 4556 ai
580 4511 664 4558 caia&
677 4511 758 4570 iieap.
773 4509 797 4556 ia
808 4509 856 4558 Bb.

252 4745 279 4800 di
297 4745 396 4802 Enrico
412 4745 464 4802 Vll
478 4765 493 4802 e
507 4747 578 4804 delle
593 4747 658 4804 citri
672 4747 824 4812 lombarde,
869 4746 1052 4814 comminue,
1074 4747 1130 4821 egli
1155 4767 1170 4798 a
1180 4749 1301 4804 scriseva
1320 4745 1442 4803 secondo

251 4845 308 4884 uon
320 4829 470 4888 dobbiamo
479 4831 665 4898 dimenticare,
675 4833 736 4898 che,
746 4849 762 4888 a
773 4847 823 4886 sua
870 4853 884 4884 α
896 4833 1009 4888 udienaa
1019 4853 1044 4888 a.
