3860 5890
537 509 597 594 138
658 534 662 543 ·
1002 519 1244 576 utsroma

534 746 711 816 Gazianum
726 745 761 800 (¹)
775 743 870 812 celeri
898 763 1008 832 gressu
1030 741 1176 825 tendunt,
1202 741 1342 810 fluminis
1372 740 1540 808 transitum
1570 738 1712 808 hostibus

532 860 674 930 inhibere
693 859 846 941 volentes,
865 879 946 948 quos
969 858 1115 926 transisse
1137 858 1297 947 reperiunt
1310 856 1355 922 (²).
1401 873 1434 924 et
1450 855 1524 924 licet
1542 854 1582 922 de
1601 877 1712 924 eorum

533 977 664 1046 transhu
693 993 725 1043 et
747 973 953 1044 multitudine
974 973 1129 1042 certiorati
1153 970 1388 1040 occurrentibus
1412 969 1600 1053 contadinis,
1625 993 1712 1038 com·
1738 981 1771 1064 65

533 1092 632 1160 misso
646 1089 656 1180 l
670 1089 812 1158 fluminis
829 1089 903 1158 loco
921 1088 1029 1177 pulsis,
1049 1087 1104 1177 qul
1123 1089 1259 1155 cruentis
1282 1085 1422 1156 vultibus
1440 1085 1582 1154 hostium
1606 1087 1711 1156 multi-

532 1205 676 1274 tudinem
694 1203 897 1286 nunciabant,
914 1201 993 1272 adeo
1012 1220 1132 1270 temere
1150 1217 1380 1291 processerunt,
1404 1217 1439 1269 ut
1462 1200 1579 1269 eodem
1598 1221 1711 1290 campo

532 1342 607 1389 cum
622 1317 776 1400 hostibus,
792 1317 881 1386 nullo
899 1316 1059 1386 mediante
1073 1315 1248 1399 obstaculo,
1263 1315 1429 1406 stupefacti
1444 1337 1513 1382 sese
1529 1313 1657 1383 videant
1668 1313 1711 1382 (¹).

532 1454 608 1504 tunc
624 1452 765 1524 potestas
784 1432 973 1502 Mediolani:
994 1433 1209 1514 «erravimus,
1225 1433 1336 1522 inquit,
1356 1431 1454 1501 errori
1477 1449 1584 1501 autem
1603 1449 1713 1500 nostro

532 1551 662 1620 unicum
691 1548 869 1618 remedium
892 1567 949 1616 est.
996 1548 1227 1638 aliquantulum
1258 1546 1522 1616 retrocedendum
1540 1535 1606 1629 est3'
1629 1547 1713 1615 scitis
1737 1573 1775 1642 7⁰

531 1668 662 1750 etenim,
680 1688 776 1754 quam
807 1664 952 1747 fecimus,
975 1666 1028 1732 via
1057 1664 1146 1732 fluvii
1177 1663 1361 1732 collateralis
1385 1681 1442 1732 est
1489 1661 1552 1730 huc
1581 1662 1713 1730 veniens

531 1781 616 1850 haud
637 1780 749 1869 procul
779 1779 854 1848 hinc
871 1778 964 1848 huius
982 1797 1095 1847 stratae
1112 1779 1222 1846 locum
1244 1776 1319 1861 vidi,
1339 1778 1429 1846 cuius
1444 1794 1614 1865 utrumque
1633 1775 1713 1844 latus

530 1896 659 1986 plaustri
682 1913 797 1985 stagno
819 1896 964 1964 iunctum
981 1894 1070 1964 velut
1091 1893 1176 1963 vallo
1205 1893 1288 1962 muri
1317 1915 1377 1962 nos
1408 1910 1494 1960 tutos
1522 1890 1625 1972 faciet,
1653 1913 1713 1960 nec

531 2012 673 2082 hostium
687 2010 889 2080 multitudine
902 2033 963 2080 nos
976 2010 1196 2079 circumveniri
1215 2009 1307 2093 sinet,
1325 2008 1431 2098 ibique
1454 2007 1557 2076 solam
1572 2007 1713 2076 bostium

531 2128 679 2196 timentes
702 2125 842 2196 frontem
864 2128 932 2196 sine
955 2127 1094 2216 periculo
1117 2143 1281 2216 expectare
1310 2124 1485 2215 poterimus
1513 2141 1626 2214 gentes
1654 2145 1714 2192 no·
1738 2149 1774 2216 75

531 2254 618 2320 stras,
638 2257 718 2325 quae
741 2234 841 2324 plenis
864 2237 997 2305 veniunt
1025 2237 1128 2304 stratis
1150 2261 1180 2302 a.
1227 2235 1333 2303 cuncti
1364 2235 1549 2316 assentiunt,
1579 2249 1713 2322 excepto

531 2351 649 2420 comite
683 2351 875 2441 Serapontis.
932 2350 982 2418 ille
1014 2372 1096 2420 vana
1124 2349 1262 2439 quadam
1290 2349 1519 2438 temerariaque
1551 2345 1713 2438 superbia,

535 2467 657 2556 «signa
686 2489 769 2549 mea,
801 2467 914 2556 inquit,
944 2443 1087 2534 hostibus
1117 2467 1184 2536 visa
1212 2465 1323 2534 cedere
1353 2466 1501 2534 nesciunt
1524 2491 1554 2532 a.
1601 2463 1714 2532 maluit

529 2585 633 2671 itaque
649 2581 744 2665 vinci,
767 2603 863 2671 quam
884 2579 1087 2664 defensionis,
1105 2581 1207 2649 immo
1233 2579 1315 2649 forte
1338 2581 1488 2648 victoriae
1506 2580 1593 2646 viam
1612 2580 1713 2670 sequi,

530 2717 565 2767 ut
587 2695 772 2786 plerumque
792 2695 914 2778 accidit,
937 2697 992 2786 qui
1011 2696 1208 2790 disciplinam
1231 2696 1399 2766 militarem
1416 2697 1563 2765 nesciunt
1580 2715 1635 2763 aut
1656 2718 1712 2762 ne·
1739 2705 1778 2772 80

528 2814 607 2882 scire
623 2812 746 2881 volunt.
792 2835 936 2882 murmur
951 2813 1056 2901 itaque
1074 2829 1145 2880 toto
1156 2813 1292 2902 insurgit
1305 2814 1445 2902 agmine,
1458 2833 1596 2902 quorum
1612 2812 1713 2878 maior

527 2949 599 3017 pars
613 2951 776 2996 occurrere
792 2927 936 2997 hostibus
955 2951 1107 2996 eommve
1126 2929 1287 2996 incursum
1306 2926 1424 2995 ibidem
1445 2944 1610 3015 expectare
1625 2949 1713 2996 sum·

528 3065 616 3110 mam
630 3042 825 3111 dementiam
837 3064 906 3110 esse
921 3040 1039 3110 dicunt.
1085 3041 1177 3132 pauci
1192 3042 1319 3110 comitis
1334 3040 1455 3110 dictum
1467 3040 1607 3109 laudant.
1652 3061 1713 3108 nec

527 3181 634 3242 mora;
659 3159 929 3248 appropinquante
960 3157 1101 3226 hostium
1135 3156 1234 3226 densa
1267 3159 1332 3226 acie
1366 3157 1501 3247 quisque
1523 3157 1712 3248 opinionem

526 3297 618 3342 suam
647 3293 773 3344 secutus
796 3291 852 3342 est.
899 3295 975 3340 nam
997 3295 1108 3342 comes
1131 3293 1163 3342 et
1183 3275 1275 3362 pauci
1298 3274 1378 3342 ultra
1404 3271 1539 3342 banniae
1558 3297 1634 3343 suae
1658 3296 1712 3340 co·
1738 3283 1776 3366 85

526 3390 673 3458 mitivam
695 3411 806 3460 secum
827 3387 982 3456 melinatis
1005 3388 1111 3474 hastis,
1140 3389 1241 3458 citatis
1260 3392 1360 3478 equis,
1383 3389 1473 3460 nullo
1496 3390 1584 3458 ducis
1616 3389 1712 3480 signo

527 3503 601 3573 dato
622 3506 656 3572 in
679 3504 787 3574 hostes
809 3523 914 3574 ruunt.
961 3507 1075 3573 caeteri
1103 3527 1159 3594 per
1182 3505 1273 3574 devia
1295 3505 1404 3574 salutis
1436 3505 1522 3574 viam
1544 3523 1710 3594 quaerunt

527 3641 647 3702 comes,
669 3619 787 3708 quique
806 3641 882 3688 eum
904 3620 1005 3687 secuti
1023 3637 1109 3702 sunt,
1128 3636 1230 3688 totam
1248 3619 1397 3688 hostilem
1417 3619 1518 3688 aciem
1537 3637 1710 3700 transeunt,

577 3850 612 3906 (t)
626 3847 727 3894 From.
743 3853 766 3896 B
779 3849 854 3894 videm

560 4051 602 4123 (1)
622 4050 720 4116 Queati
739 4051 772 4106 ed
792 4051 852 4106 altri
872 4053 949 4110 nomi
975 4054 1096 4110 trovansi
1141 4055 1221 4110 breve
1248 4053 1377 4110 raccot'ato
1397 4053 1432 4112 G.
1453 4055 1584 4122 Feriatur,
1611 4055 1709 4128 Manip.

525 4139 581 4190 cosl
600 4135 704 4190 alterati
727 4135 773 4190 nel
795 4137 855 4190 cod.
876 4135 1096 4205 frammentario;
1135 4139 1195 4210 flor.
1214 4153 1316 4204 eccur,
1335 4153 1394 4210 723,
1409 4155 1455 4192 ma
1474 4139 1501 4193 lo
1520 4138 1710 4194 escluderebbe

523 4237 570 4291 per
597 4219 622 4274 le
650 4233 778 4294 proposte
803 4220 953 4276 correzioni
974 4219 1007 4276 cf.
1027 4221 1097 4278 Gru·
1141 4222 1168 4276 la
1188 4223 1298 4278 Croniae
1318 4223 1356 4280 dal
1375 4223 1533 4296 Monferralo
1551 4225 1595 4296 gii
1614 4223 1658 4280 cit
1681 4224 1709 4280 in

521 4319 590 4370 amr,
608 4321 652 4376 op.
672 4304 716 4360 cit.
734 4303 787 4359 loc.
809 4307 852 4360 cit.
1140 4305 1299 4372 Motatorem,
1326 4309 1439 4362 Monam.
1465 4309 1573 4379 Aquam,
1597 4307 1631 4374 11,
1649 4321 1708 4364 210.

557 4387 600 4460 (2)
616 4387 639 4444 ll
654 4389 772 4443 cronista
787 4389 873 4444 d'Asti
889 4389 1027 4463 aggiunge
1043 4389 1094 4446 che
1139 4389 1314 4446 Certamente
1347 4389 1374 4444 vi
1406 4407 1538 4446 concorse
1568 4390 1709 4447 Manlredo

522 4489 538 4526 a
550 4485 644 4544 questa
659 4489 755 4544 guerra
768 4473 906 4546 partecipb
920 4473 1006 4530 anche
1023 4473 1094 4530 Teo
1140 4477 1279 4532 marchese
1292 4477 1318 4530 di
1332 4475 1455 4544 Saluaao,
1468 4494 1523 4533 uuo
1538 4477 1583 4532 dei
1596 4479 1709 4551 principi

521 4555 589 4611 doro
614 4557 755 4613 marchese
784 4557 811 4612 di
834 4556 1010 4616 Monlerrato.
1048 4559 1093 4616 Cf.
1139 4562 1184 4634 pib
1203 4561 1346 4616 beneberti
1371 4561 1443 4617 dalla
1464 4561 1595 4618 liberaliti
1614 4563 1642 4618 di
1660 4562 1710 4617 En·

522 4637 557 4694 G.
573 4639 722 4708 Verrunt,
738 4640 832 4696 Chanar.
848 4641 902 4698 Ast.
922 4641 1019 4711 LXVI,
1031 4659 1092 4710 240.
1138 4645 1195 4700 rico
1214 4645 1280 4699 Vll:
1305 4643 1338 4700 cl.
1362 4645 1397 4700 D.
1421 4647 1563 4718 Macar-rr,
1588 4649 1709 4704 lienteria

522 4720 669 4778 Concorda
697 4741 750 4779 con
778 4723 817 4780 lui
844 4725 912 4782 Ata.
945 4727 1093 4794 Mussrtw,
1135 4729 1344 4802 statice-diplom.
1363 4729 1410 4796 111,
1432 4746 1476 4784 111
1499 4747 1590 4802 esgg.

520 4805 560 4861 De
567 4807 698 4878 gattisllal.
709 4809 729 4874 Ι,
739 4809 808 4864 rubr.
824 4825 860 4865 vt.
899 4809 974 4866 Tace
985 4811 1030 4865 nel
1042 4829 1092 4868 suo
