3860 5890
600 613 629 668 1.
657 611 713 668 DF.
741 611 1056 669 CERMENATE.
1358 610 1417 678 149

238 851 340 912 suam,
370 827 501 900 ultimus
528 827 732 900 defensorum
762 829 843 898 muri
866 848 993 898 scutum
1011 827 1097 896 mille
1115 827 1236 918 sagittis
1259 825 1360 896 fixum
1383 823 1423 892 ad

238 963 353 1014 terram
383 945 520 1036 proiicit,
549 969 668 1036 equum
691 945 833 1015 validum
859 963 891 1014 et
913 965 1074 1012 curracem
1103 961 1251 1024 armatus,
1275 961 1310 1010 ut
1347 958 1425 1023 erat,

239 1060 390 1142 ascendit,
402 1079 590 1152 portamque
603 1061 711 1150 aperiri
724 1058 819 1130 iubet.
853 1059 914 1128 hoc
927 1059 1038 1128 videns
1054 1057 1117 1128 fida
1129 1079 1210 1126 uxor
1224 1057 1302 1138 eius,
1318 1083 1336 1120 e
1347 1053 1424 1146 quid

238 1173 355 1264 paras?
373 1175 487 1264 inquit,
501 1175 603 1256 visne,
614 1175 624 1265 Ι
636 1196 756 1256 comes,
768 1195 800 1244 te
815 1173 958 1244 hostibus
970 1173 1082 1243 offerre
1091 1173 1125 1230 (⁸)
1139 1171 1227 1240 mille
1242 1168 1424 1240 vulneribus

169 1305 213 1374 90
239 1285 514 1357 trucidandum»
563 1289 676 1358 atille:
697 1311 896 1380 «postquam
913 1289 1019 1372 video,
1032 1287 1146 1378 inquit,
1165 1284 1253 1376 quod
1268 1307 1326 1353 nec
1344 1283 1424 1352 ullus

239 1402 299 1486 vir,
313 1425 373 1472 nec
387 1403 486 1474 ullum
503 1403 641 1474 telorum
655 1427 768 1496 genus,
784 1423 838 1474 aut
855 1405 1026 1494 quicquam
1042 1401 1126 1472 aliud
1146 1398 1286 1471 defendit
1304 1419 1426 1479 muros,

240 1541 295 1608 per
317 1517 458 1588 bostium
481 1518 543 1589 tela
565 1543 747 1610 erumpens,
766 1521 879 1610 siquis
896 1517 998 1588 fidelis
1023 1541 1113 1586 casus
1132 1515 1276 1585 fortunae
1291 1513 1425 1596 affuerit,

239 1633 385 1719 evadam,
409 1655 463 1706 aut
482 1637 568 1706 hunc
590 1635 736 1705 dolorem
760 1655 866 1726 aperta
889 1634 984 1704 caede
999 1632 1110 1703 finiam
1130 1659 1161 1699 s.
1206 1650 1238 1699 at
1255 1631 1308 1698 illa
1317 1631 1352 1686 (i)
1367 1652 1424 1698 vo-

240 1747 391 1820 ciferans:
418 1777 434 1816 e
461 1771 550 1820 esme
572 1751 629 1820 tibi
654 1751 757 1842 aliqua
780 1753 812 1819 in
836 1749 999 1820 deditione
1022 1749 1105 1818 vitae
1128 1745 1226 1838 spes?
1271 1745 1425 1814 Mediola-

171 1899 191 1966 9
194 1901 212 1968 5
240 1865 347 1934 nensis
365 1865 493 1956 sanguis
507 1864 666 1956 placabilis
693 1884 786 1955 atque
805 1865 903 1948 mitis,
922 1887 998 1933 cum
1016 1863 1136 1946 vicerit,
1151 1861 1314 1950 hucusque
1330 1857 1424 1928 fuisse

240 1979 346 2050 fertur.
392 1979 551 2051 diffidisne
585 1983 617 2050 in
651 1981 819 2051 clementia
854 1981 965 2057 Mattei
989 1979 1205 2062 Vicecomitis,
1229 1977 1284 2068 qui
1313 1997 1425 2044 necem

240 2099 333 2186 patris
351 2096 480 2180 oblitus,
503 2097 668 2168 Turrianis
687 2101 803 2169 totiens
826 2121 844 2167 a
867 2121 901 2167 se
917 2099 1013 2189 captis
1028 2097 1180 2166 vicariam
1196 2117 1310 2164 necem
1332 2115 1426 2162 num·

240 2233 337 2302 quam
360 2211 488 2282 voluit?
532 2213 680 2304 frequens
700 2213 912 2282 mercenarius
931 2210 1022 2281 miles
1046 2227 1263 2300 anteponam
1287 2206 1377 2276 castri
1396 2225 1427 2274 te

239 2327 346 2398 statim
365 2327 451 2396 mille
470 2329 571 2419 plagis
590 2329 757 2419 opprimet
804 2351 879 2398 cum
896 2329 1004 2396 vivere
1022 2325 1137 2417 possis,
1155 2325 1257 2395 scelus
1280 2343 1328 2392 est
1346 2322 1428 2392 velle

152 2471 216 2520 ιω
241 2443 363 2512 mori».
400 2442 449 2510 his
464 2441 546 2511 fidae
558 2442 683 2512 comitis
695 2441 828 2512 vocibus
838 2443 1052 2532 acquiescens,
1066 2441 1150 2510 illico
1165 2462 1249 2530 equo
1266 2437 1428 2508 descendit

241 2575 273 2626 et
291 2579 418 2626 murum
438 2556 589 2640 ascendit,
609 2557 786 2627 vociferans
805 2581 839 2626 se
854 2557 1008 2642 deditum,
1024 2557 1050 2625 si
1070 2557 1121 2626 cui
1139 2579 1175 2626 se
1199 2554 1294 2624 dedat
1312 2553 1428 2644 dignus

243 2673 434 2741 nominetur.
480 2691 557 2742 tunc
580 2671 709 2764 quidam
724 2697 780 2764 per
798 2671 896 2742 scalas
915 2672 1105 2740 ascendens:
1127 2696 1144 2737 e
1159 2669 1239 2740 dede
1254 2687 1298 2753 te,
1315 2669 1428 2761 inquit,

243 2787 386 2878 Ughetto
410 2788 449 2856 de
472 2787 500 2856 la
523 2789 690 2880 Campana
713 2789 898 2859 conestabili
922 2810 1039 2858 tneo».
1085 2805 1218 2856 vocatus
1237 2805 1331 2877 atque
1354 2783 1428 2852 inde

243 2905 424 2994 appellatus,
438 2906 556 2996 inquit:
576 2931 592 2970 e
611 2909 802 3000 recipiamne
816 2926 860 2992 te,
872 2929 992 2988 comes,
1010 2905 1088 2974 mihi
1104 2901 1259 2984 deditum,
1274 2903 1329 2994 qui
1346 2924 1428 2972 met·

155 3045 215 3113 to5
243 3025 386 3094 senarius
408 3023 500 3092 miles
522 3025 621 3093 sum?
666 3024 744 3095 dede
763 3045 794 3095 te
814 3023 961 3094 Luchino
977 3023 1167 3093 Vicecomiti
1192 3023 1302 3092 Mattei
1316 3020 1382 3090 filio
1396 3045 1427 3104 »3

243 3135 356 3208 deinde
370 3139 546 3228 subiungit:
564 3165 580 3204 e
595 3159 626 3208 et
640 3139 809 3210 Fraocisco
821 3139 861 3209 de
875 3137 1090 3228 Garbagnate,
1114 3137 1167 3226 qui
1183 3157 1243 3206 nos
1257 3137 1337 3226 regit
1352 3135 1392 3200 s(
1395 3134 1427 3202 ¹).

295 3639 331 3696 (t)
345 3639 404 3686 reu.
419 3639 497 3686 efferre
549 3639 586 3694 (b)
601 3639 660 3685 Mer.
675 3637 716 3684 iste

279 3811 322 3886 (t)
341 3813 474 3886 Aquesto
488 3811 582 3868 vivete
597 3811 721 3885 episodio
737 3811 759 3867 si
776 3827 814 3866 ar·
859 3811 893 3866 de
911 3811 1006 3866 Marco
1021 3808 1154 3876 Vocond,
1169 3809 1292 3866 l'tudece
1306 3809 1383 3882 figlio
1401 3811 1429 3866 di

244 3909 315 3950 ceste
330 3895 355 3950 12
370 3913 486 3952 cronaca
502 3897 528 3950 di
544 3895 681 3952 Giovanni
696 3895 730 3950 da
748 3895 814 3952 Cer·
858 3893 972 3963 Matteo,
989 3895 1033 3950 nei
1052 3895 1194 3950 decembre
1214 3895 1240 3950 di
1264 3894 1429 3969 quell'anno.

245 3991 366 4046 menate;
390 3979 417 4034 la
440 3979 529 4052 quale,
548 3991 722 4044 certamem,
741 3979 814 4052 dopo
860 3979 888 4034 B.
913 3976 1051 4046 Moerota,
1074 3977 1169 4034 chron
1187 3977 1293 4034 Motus
1313 3977 1346 4044 11.
1370 3991 1430 4044 ω,

244 4061 458 4118 sternrnratala
471 4063 668 4136 capitolaaione
680 4063 723 4118 del
734 4075 814 4120 conte
863 4078 929 4118 tato
943 4080 959 4118 e
978 4079 1045 4134 sgg„
1058 4061 1109 4118 che
1127 4061 1293 4134 largamente
1312 4061 1336 4117 si
1354 4059 1429 4116 velse

246 4143 375 4202 Guidetto
393 4146 419 4202 di
439 4146 593 4220 Langosco.
608 4147 719 4218 seguine
734 4163 814 4220 passo
859 4145 904 4202 del
927 4159 1021 4202 nostro
1049 4145 1093 4212 A„
1119 4161 1198 4200 narra
1224 4145 1279 4202 tale
1306 4145 1430 4219 ecquisto

244 4245 324 4302 passo
342 4229 369 4284 le
386 4231 503 4304 imprese
522 4231 673 4286 militandi
690 4231 814 4288 Luchino
858 4229 904 4286 nel
928 4247 987 4304 cap.
1015 4243 1072 4296 m,
1094 4247 1109 4286 e
1133 4229 1160 4286 la
1190 4247 1238 4286 sua
1261 4231 1430 4296 narracione,

244 4311 375 4382 visconti,
387 4315 413 4370 dt
429 4317 542 4372 Simone
552 4314 683 4382 covello,
696 4317 723 4371 di
735 4317 814 4372 Fran·
860 4313 947 4370 anche
965 4329 994 4370 sc
1009 4331 1065 4370 non
1080 4327 1159 4370 natta
1178 4313 1221 4370 del
1236 4327 1331 4370 nostro
1350 4325 1430 4380 resto,

244 4411 325 4451 cesco
336 4395 370 4450 da
381 4395 562 4470 Geebagnate.
586 4397 814 4464 Probabilmente,
859 4401 914 4473 pub
929 4415 1107 4472 compensare
1125 4397 1242 4471 qualche
1261 4397 1380 4471 capitolo
1402 4397 1430 4452 di

244 4495 323 4536 come
346 4481 390 4552 gii
414 4483 551 4537 auertiue
570 4480 589 4537 il
611 4483 724 4552 Giulini
743 4481 762 4538 il
781 4481 813 4538 C.
858 4483 950 4557 quella
959 4497 1034 4556 perte
1046 4483 1118 4538 della
1127 4499 1243 4538 cronaca
1256 4482 1282 4537 di
1293 4481 1429 4538 Giovanni

242 4562 311 4618 dete
324 4579 556 4632 everacceonato,
570 4567 642 4624 nella
655 4581 729 4642 perte
743 4567 813 4622 della
858 4569 892 4624 de
912 4567 1086 4634 Cermenate‚
1102 4569 1153 4624 che
1168 4569 1183 4622 e
1201 4565 1273 4622 forse
1292 4567 1430 4622 irremissi-

244 4665 360 4704 cronacs
373 4651 425 4706 che
436 4669 492 4708 oon
506 4653 641 4720 abbiamo,
650 4655 685 4708 ad
698 4670 733 4708 un
747 4651 814 4708 fatto
857 4653 988 4708 bilmente
1020 4653 1140 4726 perduta.
1198 4649 1241 4706 Ci.
1269 4651 1428 4718 Dotenses,

243 4733 339 4788 d'armi
348 4737 528 4809 sanuggioso
537 4737 709 4808 pe'Milenesi
719 4753 813 4810 presso
858 4737 944 4794 Kritik
959 4755 1004 4808 (ur
1017 4736 1129 4808 Qualia,
1146 4753 1172 4808 p.
1190 4751 1239 4792 too
1257 4751 1273 4790 e
1291 4751 1360 4808 sgg..
1372 4751 1388 4790 e
1402 4733 1428 4790 la

245 4815 373 4884 Monere,
391 4835 438 4892 per
456 4821 503 4894 poi
517 4821 611 4895 aprini
629 4821 657 4876 la
673 4821 718 4876 tia
736 4837 752 4876 a
771 4821 814 4878 de·
858 4819 1191 4894 Preiuionetlpresente
1209 4817 1330 4876 volume.

244 4901 361 4958 κήνας
375 4903 401 4958 la
416 4905 598 4977 conquistedi
611 4904 734 4962 Tortona
748 4905 812 4962 fatte
