3860 5884
607 558 638 616 1.
665 559 725 618 ott
753 559 1070 622 enuntiare,
1392 563 1433 636 59

238 779 350 852 vident
372 782 439 874 regi
462 779 573 852 fideles
591 779 677 850 fore:
699 809 715 848 r
732 783 821 852 cuius
845 781 1003 852 beneficio
1017 785 1122 854 cuncti
1139 807 1214 854 cum
1230 783 1359 854 familiis
1374 805 1434 855 no-

236 897 321 980 stris,
338 897 452 988 inquit,
475 897 555 966 olim
578 897 711 990 dispersi
733 899 766 966 in
786 895 913 968 dulcem
935 899 1069 989 patriam
1091 899 1212 972 reducti
1230 923 1355 972 sumus.
1391 903 1434 972 si·

238 1013 316 1096 nite,
329 1013 482 1084 volumus
497 1032 592 1104 atque
610 1013 710 1105 parati
721 1013 803 1084 (¹>in
819 1015 915 1084 armis
932 1037 1045 1086 sumus
1063 1015 1156 1086 vobis
1171 1036 1266 1108 atque
1289 1017 1383 1088 nobis
1401 1038 1434 1089 et

237 1129 355 1198 nonnis
374 1127 468 1198 rebus
486 1125 561 1198 dare
579 1127 802 1200 subsidium».
847 1131 965 1220 itaque,
983 1131 1033 1200 his
1050 1133 1140 1216 actis,
1158 1131 1245 1204 illico
1268 1133 1387 1204 Galeaa
1402 1153 1434 1204 et

168 1245 211 1312 50
237 1245 292 1334 qni
305 1263 432 1314 tumeo
444 1261 663 1314 convenerant
675 1243 943 1334 congratulantur.
985 1244 1105 1316 reddita
1119 1247 1179 1316 sibi
1189 1267 1310 1332 mente,
1321 1246 1433 1320 Theu-

237 1359 316 1442 toni,
334 1378 368 1429 et
386 1359 502 1430 iunctis
520 1357 584 1428 fide
602 1359 731 1444 dextris,
744 1383 811 1430 uno
829 1361 959 1452 agmine
977 1384 1042 1432 una
1059 1363 1203 1454 equitant
1216 1385 1273 1454 per
1291 1365 1433 1455 amplam

237 1493 368 1544 stratam
381 1475 489 1544 Sancti
505 1475 770 1566 Thomaeusque
782 1474 933 1546 adlatum
951 1477 1058 1546 vicum
1073 1479 1189 1548 veteris
1205 1479 1312 1570 pontis
1323 1495 1434 1570 portae

239 1589 406 1660 Cumanae
417 1591 462 1658 (¹).
504 1591 792 1682 anteibatiGnlear
810 1615 885 1662 cum
900 1593 1062 1684 episcopo,
1085 1593 1168 1664 iilius
1191 1595 1330 1686 agminis
1353 1595 1433 1666 Ger·
1486 1619 1534 1655 m
1571 1619 1587 1656 a

239 1727 336 1776 mano
354 1705 446 1777 duce.
483 1707 545 1790 cni,
571 1707 766 1798 «quidnam,
790 1707 893 1799 inquit
916 1707 1043 1793 Galen,
1067 1709 1160 1780 nobis
1183 1709 1348 1801 agendum
1374 1729 1432 1794 est,

169 1820 208 1889 55
237 1822 368 1893 dicite».
404 1841 437 1892 et
463 1821 530 1894 ilie:
562 1823 685 1907 «scitis,
705 1823 821 1914 inquit,
841 1823 958 1894 ducem
981 1826 1128 1894 Austriae
1144 1847 1221 1896 cum
1235 1827 1327 1896 omni
1341 1825 1434 1896 turba

235 1939 316 2022 eius,
333 1959 415 2029 quae
429 1959 497 2008 non
513 1937 641 2008 modica
656 1957 704 2010 est
714 1939 821 2030 gentis
840 1957 979 2021 nostrae,
998 1961 1065 2010 non
1084 1939 1167 2010 intra
1185 1939 1270 2012 urbis
1290 1943 1432 2026 moenia,

238 2075 349 2122 verum
363 2055 461 2122 etiam
472 2071 560 2124 extra
573 2051 659 2124 urbis
671 2077 781 2126 muros
792 2055 881 2124 iuxta
892 2053 1087 2126 coenobium
1101 2055 1136 2124 S.
1148 2055 1347 2146 simpliciani
1358 2079 1432 2148 por·

236 2187 287 2238 tae
301 2167 469 2239 Cumanae
487 2167 564 2238 foris
579 2168 719 2260 hospitio
734 2167 813 2238 fore.
859 2169 1019 2240 hiclansis
1034 2169 1154 2240 foribus
1175 2169 1214 2240 ad
1230 2193 1290 2240 nos
1302 2173 1433 2242 introire

237 2283 378 2354 aenobis
386 2283 826 2376 subsidioessenequeunt».
861 2285 1213 2376 tunc”Guelphomm
1226 2287 1433 2358 circumstan-

167 2385 210 2449 ⁶⁰
237 2399 318 2469 tium
326 2399 362 2456 ⁰)
375 2401 425 2469 vis
436 2401 542 2491 pontis
553 2401 678 2471 Veteris
691 2401 834 2492 amplum
846 2400 955 2472 locum
968 2421 1115 2491 occupat,
1123 2399 1242 2472 ibidem
1252 2402 1369 2472 relictis
1377 2427 1432 2494 pe·

237 2513 367 2598 ditibus,
381 2515 528 2585 Cresone
539 2515 681 2587 Crivello
697 2517 788 2586 cuius
797 2517 976 2586 Turrianae
991 2535 1090 2586 nurus
1099 2515 1278 2600 vinculum,
1292 2515 1432 2588 Iohanni

237 2629 303 2700 filio
316 2631 386 2702 eius
400 2649 509 2722 nupta,
522 2653 689 2722 nunquam
702 2629 824 2702 sedavit
836 2633 993 2716 animum,
1003 2633 1119 2722 quippe
1133 2631 1229 2702 nimis
1240 2631 1356 2702 insidet
1368 2631 1431 2702 alta

236 2765 345 2816 mente
363 2747 447 2816 caesi
462 2748 558 2838 patris
576 2747 699 2830 iniuria,
715 2769 815 2838 prope
827 2749 928 2839 ripam
940 2747 1124 2818 Guasoeut
1170 2746 1287 2818 Galea
1306 2747 1346 2817 ad
1357 2769 1431 2838 por·

236 2878 302 2930 tum
323 2861 507 2932 Cumanam
526 2861 638 2946 tendit,
653 2880 685 2932 et
698 2861 827 2952 pandite
846 2883 949 2954 porta,
963 2862 1180 2954 quingentos!
1193 2861 1324 2953 praefati
1340 2861 1430 2932 ducis

166 2962 206 3045 ⁶5
235 2977 380 3048 Austriae
396 2979 518 3070 equites
537 2976 722 3048 introduxit.
763 2979 818 3068 qni
833 2975 938 3072 [cum]
951 2977 1063 3048 urbem
1077 2979 1243 3062 intrarunt,
1259 2975 1432 3047 dominum

235 3117 332 3164 suum
353 3093 460 3164 solum
483 3111 658 3186 quaemnt:
681 3095 799 3184 ipsum,
827 3115 983 3184 suamque
1010 3091 1158 3176 salutem,
1181 3111 1236 3162 aut
1259 3093 1430 3164 discrimen

235 3207 320 3278 illico
345 3209 425 3280 scire
451 3209 576 3280 volunt.
622 3209 674 3278 hic
697 3211 785 3278 enim
803 3206 868 3278 dux
886 3209 1008 3300 primus
1027 3207 1139 3298 puber,
1161 3207 1256 3298 panio
1282 3226 1356 3278 ante
1381 3225 1430 3278 tu-

236 3327 356 3396 multus
383 3327 519 3410 initium,
545 3327 654 3418 paucis
676 3327 845 3398 comitatus
874 3327 1023 3408 alumnis,
1050 3323 1165 3418 quibus
1192 3349 1268 3396 eum
1291 3325 1429 3416 genitrix

237 3439 402 3510 mandarat
424 3441 576 3514 alendum
593 3443 627 3512 in
650 3443 757 3526 armis,
773 3441 905 3512 visitans
925 3441 1099 3533 hospitium
1122 3441 1205 3532 regis
1231 3460 1264 3511 et
1286 3439 1362 3510 inde
1380 3461 1428 3510 re-

165 3555 209 3624 70
236 3555 337 3638 diens,
353 3555 434 3648 (heu
450 3558 584 3626 miserae
601 3557 764 3649 genitrici)
778 3580 880 3648 paene
892 3557 926 3614 (0
945 3555 1063 3626 crudeli
1087 3555 1155 3624 sato
1173 3555 1330 3626 innocens
1347 3577 1428 3645 puer

236 3691 362 3764 ereptus
380 3691 439 3742 est.
473 3696 549 3742 nam
567 3675 655 3744 iuxta
669 3695 880 3744 communem
898 3673 1057 3764 porticum
1071 3672 1105 3744 S.
1118 3671 1295 3742 Marcellini
1308 3689 1429 3742 temere

235 3787 325 3858 volat
347 3787 468 3874 lancea,
485 3790 608 3860 inerme
626 3791 716 3880 pueri
739 3789 906 3861 crudeliter
923 3787 1005 3860 latus
1023 3805 1155 3878 petens;
1174 3786 1231 3858 sed
1254 3785 1356 3856 fidelis
1375 3785 1430 3857 ba·

235 3905 318 3975 iulus
328 3905 374 3990 (ἆ),
391 3905 478 3976 velut
492 3905 599 3977 subito
617 3903 703 3976 facto
722 3929 844 3990 amens,
858 3905 947 3976 otius
963 3923 1134 3974 occurrens
1153 3903 1295 3986 inermis,
1310 3921 1343 3972 et
1361 3903 1429 3994 ipse

235 4041 340 4110 prono
359 4043 491 4112 corpore
514 4021 652 4090 nimium
669 4043 802 4090 saevum
819 4021 902 4112 capit
919 4020 1030 4090 telum.
1076 4040 1098 4087 o
1117 4017 1275 4109 praeclara
1288 4035 1321 4086 et
1344 4015 1429 4086 utilis

166 4133 206 4202 75
237 4133 406 4204 mundo&
424 4133 520 4205 fides!
567 4157 589 4203 o
607 4155 696 4226 grata
715 4137 788 4206 Deo
801 4137 915 4206 vitm!
949 4135 1003 4225 qui
1022 4131 1156 4204 fideliter
1170 4127 1309 4224 protexit
1323 4129 1428 4200 donti-

236 4273 317 4320 num
331 4275 439 4336 suum,
453 4273 472 4320 a
486 4253 643 4336 Domino,
657 4271 771 4322 cuncta
781 4251 896 4320 merito
913 4249 1250 4340 cemente,1servams
1265 4265 1325 4332 est,
1339 4245 1427 4316 cuius
1479 4267 1502 4306 e·
1517 4268 1527 4302 ι
1563 4267 1579 4304 a

182 4371 186 4380 '
236 4365 326 4436 sortis
335 4383 450 4436 manus
464 4367 647 4436 venientem
659 4367 783 4436 hastam
793 4385 946 4458 torquens
954 4387 1010 4458 per
1019 4385 1147 4434 summa
1160 4363 1428 4432 vestimentorum

290 4591 319 4643 (ι)
335 4583 467 4646 numu
504 4587 534 4646 (b)
549 4587 576 4634 1·
590 4582 813 4634 Aamnerennbiiir
822 4587 977 4646 Gneiphornm
1015 4581 1321 4644 numnc000netpnoenm
1331 4579 1429 4629 eitum·

235 4665 340 4714 nuntiam
403 4661 719 4728 (milmpoeneeeradeii
775 4663 1209 4726 (steteramuenmnuntu
1255 4661 1425 4722 (unimode

271 4857 314 4926 (t)
329 4854 372 4913 Cf.
389 4855 570 4926 Ponuntur,
588 4873 633 4932 op.
645 4857 701 4926 cit,
718 4855 814 4932 paor.
873 4857 918 4930 (a)
936 4854 979 4912 Cf.
999 4853 1129 4924 Gtuuto.
1146 4870 1192 4928 op.
1206 4853 1262 4924 cit,
1280 4851 1355 4922 vm,
1365 4867 1427 4928 293.

1492 2885 1591 2934 erasa
