3860 5890
495 473 555 572 148
963 481 1208 542 HISTORIA

493 710 620 780 modica
634 706 850 798 pugnantibus
865 724 931 779 erat
947 727 1037 794 spes3
1055 701 1215 778 nualdus
1228 701 1373 792 quidam,
1385 723 1452 770 nou
1468 701 1569 770 modo
1584 701 1679 768 armis

493 825 596 895 immo
615 821 712 894 laneis
730 819 869 893 vestibus
887 819 1004 900 nudus,
1016 817 1069 891 ubi
1082 815 1300 892 defensoribus
1319 816 1480 887 desertum
1493 815 1615 884 uallum
1629 815 1679 882 vi-

494 937 559 1020 det,
577 938 688 1027 spretis
706 935 922 1026 pungentibus
938 932 1096 1022 vepribus,
1115 932 1235 1004 vallum
1255 931 1406 1016 ascendit,
1422 930 1528 1020 ibique
1544 929 1679 998 militaro

497 1053 624 1141 signum
654 1053 744 1120 omui
768 1049 898 1118 custode
920 1048 1064 1122 relictum
1080 1046 1198 1118 avallo
1216 1045 1380 1116 revulsum
1395 1067 1487 1135 snpra
1505 1062 1599 1134 caput
1613 1045 1679 1114 eius
1706 1067 1749 1133 55

493 1189 549 1255 per
572 1187 642 1237 aera
664 1163 776 1244 volitat
801 1163 863 1234 ulta
886 1185 965 1230 voce
988 1161 1166 1234 vociferans
1190 1180 1314 1251 captam
1342 1181 1468 1233 terram.
1513 1159 1574 1228 hae
1599 1181 1680 1228 vote

494 1281 591 1348 territi
610 1278 666 1368 qui
689 1295 762 1346 aute
784 1295 909 1366 portam
932 1279 1024 1350 castri
1054 1274 1266 1349 defendebant
1291 1275 1420 1360 vallum,
1439 1277 1474 1344 iu
1496 1293 1602 1344 artem
1625 1295 1682 1364 pm

494 1396 597 1482 ipsam
618 1411 745 1483 portam
767 1389 894 1480 fugiunt
916 1409 1154 1480 et,·antequam
1176 1412 1366 1480 persequens
1398 1389 1528 1462 ῑηίοστο
1555 1387 1682 1458 deserto

497 1509 581 1582 vallo
597 1508 698 1576 bostis
717 1507 846 1576 accedat
859 1524 995 1595 portam,
1008 1507 1126 1581 catenis
1140 1504 1299 1578 sublatum
1313 1524 1447 1596 pontem
1462 1505 1585 1576 invenit
1598 1527 1680 1574 nou·

497 1624 576 1693 dum
600 1623 705 1692 levato
728 1621 904 1710 ponticulo,
929 1645 1027 1711 quem
1053 1640 1211 1712 occupant
1228 1621 1338 1705 nostri,
1362 1641 1394 1690 et
1412 1621 1520 1694 statim
1537 1619 1684 1692 inhibent
1708 1625 1754 1690 60

498 1761 590 1808 caeso
614 1737 787 1808 retinaculo
810 1759 851 1806 ue
867 1735 997 1806 levetur.
1043 1735 1158 1808 deiude
1181 1737 1280 1804 caesis
1299 1736 1417 1811 catenis
1435 1737 1547 1825 magni
1563 1736 1682 1824 pontis,

497 1852 575 1924 dnm
598 1849 743 1940 frangere
765 1868 890 1939 porram
920 1868 1043 1939 putant,
1064 1851 1202 1922 frustrati
1229 1869 1314 1934 suut,
1336 1851 1492 1940 quoniam
1513 1851 1620 1920 ferreis
1639 1849 1683 1920 la·

497 1967 592 2036 minis
605 1984 673 2035 tora
689 1982 838 2054 cooperta
856 1984 947 2034 erat„
976 1966 1082 2056 itaquo
1100 1965 1221 2036 duabus
1243 1967 1359 2038 iunctis
1382 1966 1477 2038 simul
1498 1989 1535 2034 ac
1551 1965 1684 2036 firmiter

499 2080 655 2171 colligatis
685 2079 787 2160 scalis,
811 2101 886 2150 cnm
916 2079 1022 2150 nullae
1043 2065 1188 2171 singulae
1212 2081 1412 2153 altitudinem
1430 2081 1514 2152 muri
1536 2103 1683 2170 superare

500 2213 642 2286 possent,
672 2193 794 2284 equites
825 2193 890 2262 duo
920 2195 1069 2266 scandere
1098 2215 1222 2269 tentant
1250 2217 1392 2277 murum,
1414 2195 1493 2268 dum
1523 2194 1684 2288 sagittarii,
1710 2201 1751 2284 65

498 2331 638 2400 quorum
656 2307 797 2398 plerique
816 2309 990 2380 laurenses
1008 2327 1107 2392 erant,
1126 2310 1308 2380 vulneratos
1327 2309 1366 2380 de
1380 2311 1480 2382 muris
1503 2309 1685 2382 defensores

500 2423 634 2514 pellunt.
678 2425 785 2512 itaque
800 2423 896 2491 ambo
920 2446 995 2493 cum
1010 2448 1084 2494 cura
1099 2425 1199 2514 capite
1218 2443 1352 2508 umato,
1368 2443 1404 2496 ut
1421 2427 1528 2494 minus
1542 2424 1686 2516 lapidum

500 2538 582 2608 ictus
615 2539 763 2619 sentiant,
797 2537 875 2608 alter
905 2556 978 2628 post
1005 2539 1158 2628 primum,
1179 2539 1281 2632 quem'
1300 2539 1446 2612 manibus
1481 2564 1517 2610 ac
1551 2539 1685 2610 bracbiis

503 2651 699 2740 subsequens
720 2651 844 2734 retinet,
868 2669 940 2722 uta
965 2653 1147 2724 lancearum
1170 2654 1375 2745 lapidumque
1397 2655 1510 2728 ictibus
1532 2654 1686 2726 ambabus

503 2765 650 2835 manibus
664 2788 698 2834 se
714 2765 872 2850 defendat,
885 2790 985 2858 nsque
996 2791 1096 2859 prope
1115 2770 1232 2838 merlos
1250 2770 1427 2842 ascendunt
1445 2794 1585 2842 murum
1630 2770 1687 2840 ibi·
1714 2793 1758 2860 7⁰

504 2903 567 2974 quo
589 2879 668 2952 dum
689 2883 744 2972 qui
767 2883 910 2973 superior
922 2883 1024 2955 tendit
1042 2884 1191 2957 hostilem
1206 2909 1334 2960 mtuum
1352 2908 1371 2956 a
1392 2909 1427 2955 se
1445 2905 1575 2976 raptum
1589 2903 1687 2978 putat,

503 2995 621 3071 saturis
652 2995 749 3068 dorso
779 2997 813 3066 iu
842 2999 1027 3069 summitate
1044 2999 1154 3088 galeae
1172 2998 1292 3073 fortiter
1308 3001 1391 3070 ictus
1413 3023 1512 3090 prope
1535 3017 1689 3070 manaurs

504 3128 562 3192 est,
584 3113 693 3180 tabneu
716 3109 756 3180 de
774 3111 865 3182 stalis
894 3113 1103 3202 praecipitans
1125 3115 1300 3187 semivivus
1319 3138 1338 3186 a
1365 3114 1578 3206 subsequente
1600 3115 1690 3184 socio

504 3243 643 3295 reteums
666 3243 722 3297 est
778 3225 866 3296 illico
887 3249 1048 3318 respersus
1074 3229 1200 3303 vultum
1221 3231 1417 3322 interiusque
1444 3231 1579 3306 restem
1601 3231 1689 3314 vinu

506 3339 605 3410 acrius
627 3361 661 3408 se
684 3340 776 3430 erigit
805 3359 916 3414 contra
937 3343 1054 3415 securis
1077 3365 1253 3428 auctorem,
1283 3349 1337 3436 qui
1359 3365 1436 3418 usuc
1458 3347 1562 3418 aecuri
1590 3345 1692 3416 voluit
1719 3369 1760 3436 75

506 3454 585 3522 scire
607 3472 715 3524 utrum
745 3455 848 3544 aptior
876 3455 1015 3526 incidere
1041 3459 1092 3541 sit,
1110 3481 1208 3549 qnam
1230 3479 1378 3546 manne,
1400 3463 1427 3532 si
1450 3460 1577 3532 intuma
1598 3461 1691 3530 sinat.

507 3589 620 3637 verum
643 3568 808 3640 Iauueusis
822 3570 928 3642 subito
945 3574 1159 3646 veteranus&
1172 3577 1260 3646 volat
1273 3577 1370 3648 oculo
1388 3577 1544 3648 transiens
1551 3576 1589 3632 Φ)
1599 3593 1694 3666 caput

507 3682 586 3762 eius,
600 3704 666 3770 quo
682 3683 813 3752 vulnere
829 3707 904 3753 cum
922 3688 1023 3755 securi
1041 3686 1081 3757 de
1095 3712 1189 3760 muro
1203 3694 1338 3760 reiectus
1352 3711 1410 3762 est.
1456 3712 1532 3761 tnnc
1548 3692 1693 3782 linquens

509 3793 607 3862 scalas
631 3795 771 3866 ascendit
801 3820 942 3883 murum,
963 3819 996 3870 et
1017 3805 1121 3872 socios
1146 3828 1265 3878 vocans
1293 3804 1373 3875 dum
1403 3826 1541 3876 castrum
1565 3825 1693 3896 captum

508 3927 608 3998 putat,
623 3911 732 3998 positis
747 3910 786 3980 ad
809 3932 918 4002 pectus
937 3914 1105 3987 hostilibus
1124 3918 1242 3989 lanceis
1259 3921 1385 4010 pellitur
1404 3921 1491 3990 etad
1509 3923 1576 3990 ima
1590 3919 1694 3990 fossae
1722 3925 1767 3993 80

510 4022 657 4092 volvitur.
704 4048 771 4096 uon
793 4046 958 4118 propterea
983 4031 1065 4101 ullus
1090 4031 1239 4104 defensor
1247 4035 1282 4092 (θ)
1297 4055 1425 4127 apparet
1447 4039 1557 4108 muris.
1602 4037 1695 4106 turris

509 4139 655 4227 proxima
672 4140 838 4214 hostilibus
861 4143 952 4213 scalis
971 4170 1072 4217 vacua
1087 4172 1154 4218 non
1172 4150 1273 4220 modo
1292 4151 1372 4236 telis,
1384 4154 1488 4222 immo
1506 4155 1604 4244 etiam
1618 4153 1696 4242 lapi·

511 4250 603 4322 dibus
636 4275 713 4338 erat,
736 4257 886 4348 nullaque
914 4261 950 4329 in
978 4261 1165 4334 defensioue
1194 4266 1372 4336 intrinsecis
1403 4286 1470 4336 erat
1495 4289 1578 4358 spes.
1634 4267 1697 4336 boc

511 4367 703 4438 extrinsecus
714 4392 860 4462 pugnans
872 4394 1022 4460 senserat,
1041 4378 1098 4447 sed
1121 4378 1190 4447 sola
1207 4381 1362 4450 scalarum
1386 4381 1493 4472 iuopia
1516 4381 1698 4453 morabatur

512 4483 692 4572 captionem
705 4489 807 4556 castri.
854 4508 885 4560 at
899 4511 1018 4576 tomes,
1032 4495 1087 4584 qui
1101 4495 1285 4584 priusquam
1297 4497 1405 4566 hostes
1420 4515 1560 4568 senserat
1572 4515 1698 4588 pestem
1725 4502 1766 4588 85

511 4691 826 4816 &sulzemm
898 4701 1300 4758 (wttuuvohtocutosutuntus
1368 4705 1699 4767 (niummflnltlmtt
