3860 5884
495 531 536 596 30
963 532 1208 590 HISTORIA

492 751 604 832 curari,
633 751 728 840 ipsius
755 752 892 841 partialis
920 753 1015 820 studii
1045 752 1170 822 lethifer
1193 752 1323 821 morbus
1346 755 1420 842 igne
1445 754 1679 844 inextinguibili

493 889 645 936 accensus
664 869 746 936 vires
764 870 909 960 sumpsit,
926 888 957 938 et
975 873 1138 962 utriusque
1156 869 1304 939 factionis
1321 870 1497 940 Mediolani
1516 873 1603 942 velut
1621 895 1680 940 no-

492 1003 605 1050 varum
628 981 765 1070 partium
787 984 922 1050 nomina
941 1002 1094 1052 renovata
1112 1003 1196 1052 sunt.
1243 1005 1319 1051 nam
1342 1006 1424 1073 quae
1443 983 1597 1054 hactenus
1620 1007 1680 1053 no·
1709 1006 1750 1072 25

492 1095 603 1162 bilium
626 1119 697 1184 pars
720 1097 886 1164 nominata
909 1115 967 1178 est,
998 1121 1085 1166 nunc
1108 1096 1268 1166 Gibellina
1295 1097 1445 1186 appellari
1474 1097 1590 1186 coepit,
1622 1097 1681 1164 alia

491 1232 568 1277 vero
588 1210 745 1300 Guelpha,
764 1234 845 1301 quae
864 1211 1003 1300 primum
1021 1233 1092 1300 pars
1115 1211 1235 1301 populi,
1255 1210 1370 1280 deinde
1389 1211 1548 1279 Turriana
1565 1210 1634 1279 firit

557 1325 602 1393 Ea
627 1345 815 1415 tempestate
842 1329 981 1396 Matteus
1006 1329 1209 1410 Vicecomes
1234 1328 1288 1416 qui
1324 1351 1381 1416 pro
1407 1345 1495 1416 parte
1522 1327 1680 1396 nobilium

491 1463 558 1509 oon
578 1442 676 1510 modo
692 1443 878 1525 Mediolani,
894 1443 950 1512 sed
969 1445 1066 1512 etiam
1085 1444 1119 1511 in
1135 1444 1144 1534 Ι
1162 1443 1318 1532 plerisque
1333 1443 1482 1534 Liguriae
1502 1443 1679 1512 civitatibus

490 1577 677 1646 regnaverat
700 1558 808 1627 multis
832 1561 933 1642 annis,
958 1559 1061 1650 magis
1080 1581 1212 1628 suorum
1231 1557 1361 1642 invidia,
1385 1582 1482 1650 quam
1501 1561 1678 1629 Turriauae
1709 1582 1752 1648 30

489 1675 585 1761 partis
605 1675 723 1743 viribus
741 1675 862 1764 pulsus,
881 1698 955 1743 cum
973 1677 1081 1764 paucis
1099 1676 1286 1765 sequacibus
1305 1675 1452 1744 exulabat
1470 1675 1508 1742 ab
1528 1674 1624 1760 urbe;
1648 1693 1679 1744 et

489 1788 607 1857 favoris
631 1791 710 1858 olim
734 1791 842 1858 exibiri
866 1814 884 1857 a
910 1790 1038 1860 fortuna
1065 1815 1151 1860 nunc
1170 1809 1292 1860 mutata
1310 1813 1429 1880 poenas
1449 1788 1560 1860 dabat:
1585 1813 1678 1881 quae,

489 1907 644 1994 quoniam
662 1908 774 1996 stipata
796 1929 921 1996 semper
945 1909 1020 1988 suis,
1039 1930 1136 1996 quem
1155 1906 1237 1997 fugit
1260 1907 1367 1976 solum
1385 1907 1534 1998 relinquit
1557 1907 1676 1974 amicis.

490 2020 541 2087 hic
561 2022 710 2104 Matteus,
731 2022 808 2089 dum
828 2020 902 2090 felix
921 2021 991 2104 luit,
1006 2044 1040 2089 se
1064 2023 1198 2090 nescivit
1216 2025 1333 2106 amari;
1358 2046 1444 2092 nuuc
1462 2045 1593 2092 summo
1613 2021 1678 2092 cul·

490 2135 577 2204 mine
595 2136 711 2226 lapsus,
731 2136 842 2206 amicis
861 2140 1046 2206 examinatis
1066 2138 1219 2228 usquead
1234 2162 1347 2221 unum,
1366 2161 1463 2228 quem
1482 2139 1622 2228 legatum
1639 2137 1678 2206 ad
1708 2158 1749 2224 35

488 2273 599 2340 regem
618 2249 764 2332 destinet,
788 2251 950 2320 mendicat
968 2254 1119 2335 amicum,
1146 2254 1200 2342 qui
1224 2254 1329 2322 miseri
1354 2254 1455 2322 exulis
1475 2275 1602 2323 causam
1622 2276 1677 2322 ex·

488 2383 587 2456 ponat
610 2365 681 2450 sibi,
699 2385 731 2434 et
748 2369 780 2434 in
798 2366 927 2436 dulcem
945 2369 1078 2458 patriam
1096 2367 1233 2436 reditum
1252 2370 1410 2458 impetret.
1457 2393 1561 2460 neque
1586 2369 1678 2438 adid

489 2484 628 2552 Ubertus
643 2484 834 2553 Vicecomes
852 2483 948 2554 frater
966 2486 1034 2554 eius
1053 2485 1160 2554 induci
1178 2487 1291 2575 potuit,
1308 2488 1357 2554 cui
1376 2507 1496 2576 magna
1513 2508 1585 2576 pars
1603 2484 1677 2555 lacti

488 2599 616 2688 pendet.
662 2621 730 2666 non
749 2599 845 2689 aliqui
865 2623 903 2668 ex
918 2599 1110 2688 primoribus
1125 2599 1256 2669 exulum
1275 2601 1329 2690 qui
1345 2601 1454 2669 omnia
1474 2599 1564 2668 domi
1581 2623 1678 2668 saeva

487 2715 619 2804 impune
643 2713 789 2804 agebant,
813 2734 845 2783 et
867 2716 982 2784 iterum
1004 2717 1031 2782 si
1054 2715 1296 2784 introducantur
1318 2718 1350 2784 iu
1369 2716 1377 2806 ll
1397 2715 1508 2785 urbem
1544 2739 1676 2808 regnare
1704 2735 1751 2801 40

488 2833 608 2900 volent.
645 2855 666 2900 o
685 2831 837 2923 superbae
852 2831 930 2900 olim
944 2832 1039 2922 partis
1057 2829 1164 2913 factio,
1179 2854 1277 2922 quam
1295 2832 1377 2901 bene
1399 2851 1506 2922 parata
1524 2854 1558 2900 es
1581 2833 1676 2900 armis

485 2949 604 3038 patrios
631 2949 710 3017 lares
740 2947 958 3038 quaerere!(¹)
1003 2947 1085 3016 hanc
1113 2947 1319 3036 legationem,
1348 2948 1469 3017 cunctis
1500 2947 1675 3038 optandam

486 3067 604 3136 suimet
622 3065 773 3149 desertor,
793 3065 922 3134 exulum
937 3066 1072 3155 quisque
1091 3064 1245 3154 repudiat,
1259 3066 1412 3154 quoniam
1425 3065 1465 3134 ad
1481 3065 1675 3134 exibendum

485 3204 603 3272 magna
621 3180 777 3272 stipendia
793 3178 898 3250 stolidi
919 3181 1102 3250 communis
1118 3180 1294 3250 Mediolani
1309 3180 1367 3249 sibi
1390 3179 1531 3263 fisculus,
1544 3201 1579 3250 ut
1597 3203 1674 3249 con·

484 3315 641 3382 sueverat,
660 3321 726 3367 non
746 3317 812 3366 erat
830 3316 966 3387 apertus.
1375 3351 1380 3362 ,
1702 3311 1743 3378 45

552 3412 625 3480 Erat
643 3431 731 3494 tunc,
745 3413 778 3479 in
798 3411 953 3493 civilibus,
970 3411 1069 3478 lector
1084 3411 1223 3495 Paduae,
1238 3413 1368 3502 inopem
1384 3413 1417 3480 in
1432 3411 1550 3481 scholis
1574 3413 1671 3480 vitam

485 3525 615 3610 ducem,
633 3528 817 3595 Franciscus
833 3526 872 3595 de
885 3525 1088 3615 Garbagnate
1100 3525 1146 3608 (¹),
1157 3527 1206 3593 vir
1221 3527 1368 3616 impiger,
1380 3545 1447 3594 tam
1462 3525 1562 3594 verbo
1574 3548 1669 3614 quarn

537 3762 567 3816 (a)
578 3759 616 3804 Ab
625 3771 716 3818 querele

518 3961 561 4034 (t)
579 3961 731 4016 francesco
750 3961 785 4016 da
804 3961 985 4033 Garbagnate,
999 3975 1054 4016 uno
1099 3977 1223 4016 monaca.
1261 3959 1314 4016 Col
1326 3957 1406 4015 titolo
1419 3959 1445 4014 di
1456 3959 1563 4032 giudice
1575 3959 1595 4014 il
1607 3959 1673 4015 Gar·

427 4076 431 4087 =
482 4047 556 4118 degli
574 4044 662 4100 ultimi
681 4045 821 4118 ghibellini
839 4044 951 4112 italiani,
975 4061 990 4099 e
1009 4044 1053 4099 dei
1097 4047 1214 4117 bagnate
1229 4044 1399 4117 comparisce
1414 4061 1493 4100 corne
1512 4043 1670 4099 testimonio

482 4133 527 4202 pili
542 4130 613 4186 caldi
628 4127 726 4184 fautori
739 4127 810 4182 della
819 4141 934 4200 potenza
948 4129 1054 4184 viscon-
1097 4129 1219 4184 uell’atto
1225 4127 1296 4183 della
1302 4128 1474 4185 testinatione
1483 4127 1590 4183 feudale
1597 4139 1670 4184 steso

481 4227 534 4283 tea,
552 4233 632 4270 come
651 4215 803 4290 professore
819 4215 846 4270 di
860 4214 951 4270 diritto
971 4214 1051 4268 civile
1096 4215 1123 4268 iu
1143 4211 1247 4268 Milano
1266 4213 1378 4268 durante
1398 4210 1425 4267 la
1444 4229 1626 4286 permanente
1643 4213 1672 4267 di

480 4299 553 4356 uella
569 4300 723 4356 Universitd
741 4299 767 4354 di
787 4299 898 4354 Padova
913 4313 970 4354 oon
985 4300 1000 4351 e
1016 4299 1052 4352 ri·
1096 4295 1196 4351 Enrico
1211 4295 1262 4350 vu
1278 4297 1304 4351 in
1320 4295 1409 4371 quella
1423 4297 1495 4352 cirta
1532 4296 1555 4351 11
1574 4297 1636 4352 doc.
1654 4298 1670 4350 e

480 4385 593 4440 cordato
608 4385 641 4438 da
652 4384 750 4440 alcuno
762 4383 835 4456 degli
848 4382 949 4438 antichi
959 4383 1052 4437 storici
1096 4381 1139 4434 dcl
1156 4395 1170 4434 2
1184 4381 1302 4452 genunio
1318 4395 1393 4453 1311.
1423 4379 1465 4436 ct.
1477 4381 1613 4447 Bonnam,
1624 4396 1669 4453 op.

480 4469 505 4522 di
520 4467 612 4541 quello
627 4469 726 4536 studio,
741 4471 775 4523 ne
788 4467 833 4522 dal
843 4466 1003 4532 Riccoboni,
1015 4467 1050 4518 ne
1096 4465 1150 4528 cit,
1168 4463 1189 4531 Ι,
1203 4483 1228 4536 p.
1251 4479 1299 4520 112
1314 4481 1330 4520 e
1343 4483 1401 4536 sgg.
1438 4465 1469 4520 In
1482 4481 1545 4520 esso
1556 4463 1584 4518 fu
1599 4481 1669 4519 etro·

480 4551 524 4604 dal
535 4551 687 4618 Tomasini,
700 4555 734 4607 ne
749 4550 794 4607 dal
813 4549 990 4624 Papadopoll,
1005 4565 1050 4602 ma
1095 4560 1239 4603 neamente
1261 4560 1410 4621 stampato:
1431 4567 1446 4598 κ
1457 4549 1571 4604 domiuo
1589 4547 1670 4602 fran-

479 4633 549 4688 sulla
563 4635 623 4690 fede
642 4637 685 4691 del
702 4637 864 4692 Cermenate
882 4634 911 4689 lo
929 4632 1052 4688 afferma·
1098 4651 1113 4682 α
1123 4633 1239 4686 ciscode
1250 4631 1449 4700 Garbamate»‚
1461 4635 1496 4686 ne
1511 4631 1534 4688 si
1549 4635 1604 4706 pub
1620 4631 1669 4686 du·

479 4735 548 4774 tono
559 4719 596 4792 gli
611 4721 704 4776 storici
716 4721 743 4775 di
761 4719 935 4786 Milano,cl1e
951 4717 1051 4773 conob·
1095 4715 1180 4771 bitare
1194 4732 1252 4772 nou
1265 4717 1289 4772 si
1303 4717 1376 4772 tratti
1389 4717 1415 4772 di
1431 4715 1479 4774 lui.

478 4805 545 4859 bero
571 4803 590 4858 il
620 4816 691 4860 testo
718 4805 825 4876 integro
852 4803 925 4858 della
957 4813 1050 4856 nostra
