3860 5884
504 439 546 505 28
973 453 1218 510 HISTORIA

504 675 661 743 ditionem
676 692 775 744 status
789 675 857 758 sui;
877 674 967 756 dum,
982 674 1101 742 invidia
1116 673 1309 758 stimulante,
1324 695 1405 762 quae
1424 675 1506 744 inter
1519 671 1627 742 iratres
1640 673 1690 740 ni-

352 819 373 854 e.
388 820 442 866 9⁴¹³
504 791 605 858 mium
617 809 739 878 regnat,
752 791 937 857 Franciscus
948 789 1164 880 „Napoleonis
1176 789 1315 873 titulum,
1328 808 1360 857 et
1371 788 1520 878 Napoleo
1532 789 1690 858 Francisci

396 925 400 933 ·
501 923 669 993 quaestum
694 903 789 972 dolet.
835 925 967 994 uterque
990 924 1110 986 umen,
1132 904 1347 972 laborantibus
1366 923 1398 972 et
1414 905 1551 993 peccatis
1569 905 1690 994 populi,

502 1019 677 1102 crudeliter,
701 1021 752 1087 hic
771 1019 888 1109 gladio,
909 1019 986 1088 alter
1010 1042 1132 1088 carcere
1154 1022 1188 1088 in
1210 1019 1333 1088 nobiles
1353 1014 1437 1088 cives
1456 1020 1567 1103 saevit,
1587 1019 1690 1088 donec

501 1135 534 1202 in
554 1134 656 1224 burgo
675 1135 792 1218 Dario,
812 1133 850 1203 ab
870 1133 1026 1220 hostibus,
1045 1157 1126 1223 quos
1146 1134 1253 1216 exilio,
1270 1133 1417 1203 caedibus
1436 1153 1468 1203 et
1486 1133 1594 1224 inopia
1613 1157 1689 1202 con·
1720 1159 1764 1225 90

501 1269 646 1340 sumptos
662 1250 839 1331 credebant,
857 1273 923 1318 non
942 1251 974 1317 in
994 1249 1180 1318 defensione
1195 1249 1371 1318 concordes
1386 1249 1492 1318 afflicti
1505 1269 1591 1320 sunt.
1636 1249 1690 1318 ubi

501 1369 686 1435 Franciscus
705 1365 791 1434 mille
811 1387 919 1434 caesus
938 1364 1049 1455 gladiis
1070 1365 1193 1448 cecidit,
1211 1367 1360 1454 Napoleo
1383 1385 1492 1455 captus
1515 1367 1547 1436 in
1568 1389 1689 1436 carcere

501 1482 663 1565 Baradelli,
682 1482 842 1550 vermibus
866 1501 897 1550 et
920 1482 1004 1549 fame
1024 1501 1244 1570 consumptus,
1261 1502 1387 1571 turpem
1401 1481 1523 1550 eximm
1539 1483 1621 1550 vitae
1636 1481 1690 1552 de·

500 1597 599 1664 dit.(¹>
646 1597 741 1680 unde,
754 1596 842 1665 velut
857 1615 955 1680 vates,
970 1597 1036 1678 tibi,
1052 1597 1162 1679 lector,
1177 1597 1306 1680 nunci0,
1323 1616 1358 1665 ut
1372 1616 1521 1687 expectes
1537 1597 1576 1664 ab
1592 1596 1689 1664 altero

499 1713 587 1804 quod
603 1715 715 1781 iniuria
730 1711 840 1780 feceris
853 1713 885 1781 in
901 1713 1085 1802 proximum
1108 1713 1325 1782 innocentem.
1371 1735 1440 1782 non
1453 1732 1563 1782 tamen
1577 1735 1688 1780 eorum
1717 1727 1759 1792 95

499 1828 573 1897 finis
592 1829 717 1910 misera,
738 1851 773 1896 ac
792 1828 928 1895 nimium
948 1829 1125 1918 perniciosa
1143 1827 1202 1897 sibi
1221 1829 1296 1896 huic
1318 1827 1466 1896 seditioni
1485 1825 1585 1896 finem
1603 1826 1688 1908 feeit,

499 1945 601 2010 immo
625 1945 720 2033 ipsius
745 1941 898 2010 radicatae
920 1943 1017 2030 pestis
1042 1941 1161 2010 laetifer
1184 1940 1316 2012 morbus
1339 1939 1464 2011 duravit
1486 1943 1520 2010 in
1542 1959 1687 2032 posteros

499 2057 738 2126 descendentes.
784 2081 859 2126 nnnt
884 2058 915 2124 hi
939 2057 1014 2140 duo,
1039 2057 1175 2127 Muscha
1197 2076 1229 2126 et
1252 2057 1371 2139 Guido,
1395 2059 1460 2146 qui,
1485 2057 1528 2126 ob
1547 2057 1580 2125 id
1597 2056 1688 2147 geni·

498 2193 605 2240 totutn
624 2175 633 2262 d
651 2173 776 2256 vitium,
795 2172 969 2252 seditionis,
982 2192 1055 2262 post
1072 2173 1257 2242 conflictum
1272 2174 1379 2256 Desii,
1394 2195 1534 2262 poenam
1557 2173 1688 2242 carceris

498 2288 530 2354 in
550 2286 713 2354 Baradello
725 2285 759 2342 (¹)
773 2286 891 2355 diutius
909 2289 1137 2370 sustinuerunt,
1154 2307 1186 2356 et
1204 2289 1272 2356 visa
1285 2289 1368 2377 turpi
1381 2287 1579 2376 Napoleonis
1598 2309 1688 2368 nece,
1720 2303 1782 2350 100

498 2401 571 2470 inde
594 2401 724 2469 tandem
744 2400 863 2470 liberati
887 2402 978 2470 annis
1002 2423 1090 2472 mxv.
1109 2401 1318 2493 postmodum
1342 2425 1360 2470 a
1387 2403 1487 2492 patria
1509 2402 1686 2486 exularunt,

497 2517 634 2606 patrium
653 2539 689 2584 ac
708 2535 859 2584 mutuum
878 2519 960 2585 inter
975 2541 1010 2586 se
1028 2518 1152 2601 odium,
1170 2518 1257 2607 quod
1276 2517 1336 2588 sibi
1355 2519 1483 2607 suisque
1500 2517 1687 2608 pestiferum

498 2631 652 2715 viderant,
664 2633 796 2701 minime
809 2630 897 2700 obliti
910 2652 998 2702 sunt:
1014 2657 1090 2702 nam
1100 2633 1310 2724 postmodum
1323 2656 1399 2702 cum
1410 2636 1474 2703 suis
1491 2633 1686 2724 sequacibus,

497 2769 564 2816 non
583 2770 640 2816 sua
655 2748 710 2816 sed
724 2749 829 2838 potius
849 2748 998 2818 adversae
1017 2749 1113 2838 partis
1128 2771 1234 2838 opera,
1251 2750 1284 2818 in
1303 2748 1416 2818 urbem
1430 2749 1562 2833 reducti,
1576 2767 1687 2818 neuter

497 2861 630 2931 alterum
648 2885 780 2952 regnare
794 2885 903 2951 passus
922 2881 980 2946 est,
993 2886 1030 2932 ac
1048 2862 1202 2954 regnandi
1220 2864 1395 2954 suspectior
1413 2861 1483 2948 fuit,
1503 2864 1581 2932 dum
1599 2861 1685 2932 solus
1719 2875 1778 2940 105

497 2975 604 3044 Guido
618 2975 752 3066 impedit
774 3003 792 3036 e
819 2980 972 3068 consequi
986 2979 1086 3046 valuit
1099 2979 1259 3048 intentum
1274 3000 1380 3048 snum.
1409 3001 1471 3048 nec
1484 2979 1542 3047 sibi
1555 2976 1686 3068 profuit,

496 3089 668 3178 quodcum
684 3091 866 3160 divitiarum
877 3095 968 3183 copia
981 3093 1079 3182 longe
1091 3095 1194 3184 impar
1205 3093 1297 3176 foret,
1313 3117 1448 3162 numero
1461 3113 1570 3162 tamen
1582 3091 1685 3160 famu·

496 3205 611 3289 lorum,
624 3207 779 3275 conviviis
790 3208 1003 3298 popularium,
1016 3231 1154 3278 necnon
1168 3209 1317 3278 omuibus
1329 3207 1529 3297 aliis‚quibus
1536 3225 1685 3298 parantur

496 3320 646 3404 honores,
671 3320 801 3390 inferior
823 3323 974 3393 Guidone
1001 3323 1099 3392 divite
1122 3323 1413 3413 nunquam(⁵)fuit
1437 3323 1447 3410 i
1470 3323 1576 3413 itaque
1600 3345 1684 3404 cum,

496 3433 647 3504 defuncto
660 3437 782 3522 Musca,
795 3439 943 3528 Paganus
951 3439 1183 3530 primogenitus
1194 3441 1271 3522 eius,
1279 3456 1364 3508 totus
1376 3439 1520 3528 quaestui
1530 3437 1632 3520 datus,
1645 3437 1685 3506 ad
1717 3449 1779 3498 110

496 3549 675 3640 colligenda
693 3549 787 3622 feuda
810 3555 1005 3642 regiminum
1024 3555 1168 3625 circuiret
1191 3555 1381 3624 comitatum
1400 3575 1559 3638 nostrum,
1576 3552 1685 3626 Guido

495 3663 601 3734 subito
620 3669 834 3756 capitaneatus
852 3669 945 3736 titulo
963 3669 1079 3737 invasit
1101 3670 1188 3740 urbis
1206 3669 1398 3740 dominium.
1467 3671 1555 3740 cuius
1571 3668 1616 3738 rei
1635 3669 1684 3736 in·

496 3777 685 3868 dignitatem
704 3783 861 3872 Paganus,
880 3785 936 3873 qui
954 3783 1035 3852 forte
1054 3784 1254 3874 conspirabat
1272 3784 1311 3852 ad
1327 3783 1418 3866 haec,
1433 3784 1514 3854 serre
1529 3783 1682 3874 nequivit.

496 3917 599 3985 neque
629 3896 883 3989 archiepiscopus
910 3898 1004 3968 frater
1033 3899 1100 3969 eius
1123 3900 1156 3968 id
1177 3901 1285 3968 minus
1309 3923 1403 3990 aegre
1431 3899 1511 3968 tulit.
1571 3899 1684 3968 caeteri

496 4010 671 4080 Turrianae
691 4011 806 4082 domus
825 4014 954 4096 viribus,
974 4035 1005 4083 et
1028 4017 1211 4104 sequacium
1231 4037 1366 4084 numero
1386 4017 1521 4106 impares
1541 4012 1683 4084 Guidoni
1716 4023 1774 4090 115

495 4124 655 4210 favebant,
679 4147 712 4196 et
742 4129 847 4216 ipsum
870 4129 1040 4200 dominum
1071 4152 1173 4221 aequo
1202 4131 1313 4199 animo
1343 4131 1487 4220 gratulati
1510 4149 1594 4199 sunt.
1651 4151 1685 4200 et

549 4360 580 4416 (ei
590 4359 630 4403 Ab
639 4359 742 4406 Budeiio
796 4361 829 4418 (b)
843 4363 882 4407 Ab
892 4373 1033 4446 nequequam

531 4561 575 4628 (1)
590 4559 813 4620 L’affermaeione
829 4565 873 4620 del
883 4564 917 4622 C.
927 4563 1068 4621 conferma
1113 4563 1182 4622 aulle
1209 4577 1324 4638 oppone
1341 4566 1460 4624 versioni
1487 4565 1615 4632 Grutntt,
1639 4583 1685 4639 op.

495 4641 661 4700 inversione
680 4647 732 4702 che
746 4647 815 4703 sulla
833 4663 922 4706 morte
940 4649 967 4705 di
987 4649 1067 4722 Napo
1112 4649 1165 4716 eit,
1180 4661 1255 4722 parte
1268 4648 1343 4716 VIII,
1358 4668 1384 4723 p.
1399 4665 1456 4722 ³²7·

498 4725 625 4784 Torriani
640 4729 665 4784 ci
682 4730 719 4784 ba
738 4729 850 4786 lasciato
869 4733 888 4787 il
909 4732 1012 4799 Corio,
1031 4731 1064 4788 ci.
