3860 5890
477 525 518 609 98
944 535 1194 593 ursroma

472 757 655 828 recederent
669 759 708 826 ab
726 757 905 841 obsidione,
923 757 1117 839 dimiserant,
1137 778 1178 824 ne
1196 754 1310 824 saltem
1332 753 1456 822 volatili
1473 753 1559 821 ferro
1576 754 1663 843 regis

473 875 641 942 transitum
659 872 858 962 impedirent.
905 889 936 939 at
959 871 1036 940 dum
1056 893 1112 939 rex
1130 872 1292 939 examinat
1314 870 1348 936 in
1371 869 1502 936 transitu
1525 890 1581 958 per
1597 891 1663 936 cer·

325 1034 347 1066 ς,
365 1021 427 1079 ¹⁶7³
474 1008 540 1057 tam
560 987 645 1056 viam
664 988 802 1056 nimium
825 988 947 1076 sagittis
967 987 1109 1054 hostium
1131 983 1317 1075 proximum
1336 983 1513 1074 periculum
1527 983 1537 1074 Ι
1551 1001 1583 1051 et
1608 980 1662 1050 de·

473 1103 661 1172 trimentum
683 1104 787 1190 gentis
809 1125 895 1186 suae,
919 1103 1036 1172 excitat
1059 1100 1099 1170 ad
1117 1123 1246 1191 passum
1270 1121 1368 1190 aegro
1392 1101 1502 1167 animo
1520 1097 1564 1164 (¹).

539 1216 649 1284 XLIII
668 1215 713 1282 (⁸).
759 1217 884 1284 Interea
907 1237 1016 1282 tomes
1036 1213 1184 1304 PbIlippo
1204 1211 1243 1281 de
1259 1213 1442 1302 Langusco,
1461 1231 1570 1302 spreta
1585 1235 1662 1302 pace

472 1332 568 1420 regis,
590 1352 687 1419 quam
708 1329 881 1398 iusiurandi
900 1330 1056 1419 religione
1079 1328 1268 1410 firmaverat,
1293 1325 1498 1396 Manfredum
1521 1326 1561 1395 de
1584 1328 1661 1396 Bec-

473 1445 555 1513 caria
566 1443 717 1514 adversae
732 1443 791 1512 sibi
804 1443 950 1512 factionis
963 1443 1139 1534 principem
1152 1441 1234 1532 cepit
1245 1441 1289 1525 (²),
1302 1438 1381 1510 dum
1392 1441 1541 1531 perfidiae
1556 1441 1662 1510 studio

474 1561 598 1628 vincere
621 1581 719 1649 quam
741 1558 825 1627 vinci
844 1558 981 1642 mavult3
1000 1557 1115 1626 deinde
1134 1579 1295 1647 quemque
1313 1575 1498 1646 suspectum
1521 1576 1576 1623 aur
1598 1578 1662 1624 car·

474 1697 543 1743 cere
555 1693 610 1742 aut
621 1673 729 1755 exibo,
740 1673 829 1742 velut
842 1673 936 1741 novis
948 1695 1073 1762 semper
1087 1670 1272 1740 criminibus
1282 1693 1374 1739 reum
1386 1671 1515 1754 faciens,
1522 1671 1661 1739 damnat.
1691 1691 1708 1755 5

472 1790 587 1882 quibus
608 1788 738 1879 praefati
770 1789 904 1879 Philippi
928 1790 968 1858 de
994 1787 1153 1858 Sabaudia
1175 1789 1345 1857 auctoritas
1368 1809 1405 1854 ac
1432 1808 1584 1855 concessa
1602 1787 1661 1855 sibi

473 1928 492 1973 a
508 1929 584 1994 rege
603 1924 742 1995 potestas
760 1927 873 1995 pamm
891 1903 1020 1994 profuit,
1038 1904 1093 1993 qui
1113 1903 1229 1971 nullius
1247 1903 1419 1970 violentiae
1444 1919 1499 1970 aut
1525 1903 1661 1970 cuiusvis

474 2020 610 2089 malitiae
639 2019 746 2088 studio
768 2021 904 2108 partium
926 2019 960 2086 in
983 2017 1161 2086 Gibellinos
1180 2017 1280 2086 factae
1303 2017 1445 2086 turbator
1458 2016 1540 2100 luit,
1560 2019 1662 2084 immo

474 2133 569 2200 etiam
588 2153 663 2200 eum
678 2131 757 2198 tanti
771 2129 908 2214 sceleris,
924 2147 1030 2220 spreto
1049 2129 1173 2198 honore
1191 2129 1365 2219 regiminis,
1385 2129 1551 2198 conscium
1566 2128 1662 2198 fuisse

474 2247 589 2316 ferunt.
635 2246 687 2314 hic
710 2269 848 2336 namque
871 2247 1035 2336 Philippus
1058 2265 1132 2335 post
1160 2255 1320 2314 recessum
1342 2247 1439 2336 regis,
1457 2249 1543 2336 prius
1566 2247 1661 2315 etiam
1694 2263 1733 2310 10

474 2383 571 2451 quam
599 2383 655 2428 rex
686 2361 821 2429 Ianuam
845 2362 1022 2449 attingeret,
1044 2359 1130 2428 illico
1153 2359 1280 2450 Papiae,
1299 2359 1515 2429 vercellarum
1538 2380 1570 2428 er
1592 2361 1662 2430 No·

474 2475 673 2564 uariae,quas
685 2475 777 2544 urbes
789 2498 845 2542 rex
857 2499 932 2544 suae
944 2497 1037 2544 curae
1050 2476 1264 2558 commiserat,
1278 2475 1444 2564 Guelphos
1456 2475 1607 2544 extollere
1616 2475 1663 2558 P),

475 2590 651 2660 Gibellinos
666 2592 844 2682 opprimere
863 2593 938 2662 totis
956 2592 1075 2661 viribus
1094 2593 1208 2682 coepit
1256 2593 1344 2660 cuius
1358 2593 1404 2660 rei
1420 2615 1524 2675 cama,
1540 2592 1594 2660 ubi
1607 2615 1662 2660 rex

476 2706 593 2773 Ianuae
612 2703 680 2787 luit,
700 2703 880 2794 frequentes
907 2705 1015 2774 nuncii
1037 2682 1173 2774 adeum
1192 2706 1326 2773 veniunt
1354 2706 1460 2794 ipsum
1479 2705 1662 2797 Philippum

476 2819 602 2910 magnis
619 2821 828 2909 querimoniis
846 2840 1041 2903 accusantes,
1056 2823 1187 2910 eiusque
1205 2843 1302 2910 opera
1320 2841 1463 2890 asserturt
1477 2823 1511 2888 in
1530 2823 1661 2912 Liguria
1695 2837 1731 2902 15

473 2955 510 3001 ac
525 2951 593 3003 tota
608 2930 799 3002 Lombardia
817 2955 949 3001 summo
964 2934 1070 3003 studio
1085 2933 1217 3002 rebelles
1236 2934 1461 3025 Guelphorum
1478 2953 1581 3023 partes
1595 2957 1663 3003 sur-

430 3137 433 3142 ,
473 3072 557 3139 gere.
604 3071 717 3118 uerum
747 3048 796 3116 bis
825 3049 952 3118 nunciis
979 3073 1034 3118 rex
1062 3052 1202 3140 primum
1228 3072 1340 3139 parum
1362 3049 1437 3119 fidei
1464 3050 1561 3134 dedit,
1585 3050 1663 3119 dum

473 3187 582 3234 comes
601 3163 778 3234 Sabaudiae
797 3188 873 3234 eum
892 3165 1075 3256 Philippum
1094 3184 1246 3255 nepotem
1269 3189 1365 3236 suum
1388 3167 1539 3257 protegit,
1561 3187 1593 3236 et
1615 3166 1663 3236 di·

473 3281 601 3370 gnitatis
614 3280 774 3350 honorem
787 3277 897 3348 lavore
909 3281 958 3347 sui
969 3279 1081 3348 datum
1095 3281 1262 3348 conciliare
1275 3282 1394 3350 nititur.
1440 3303 1517 3349 nam
1528 3281 1595 3371 ipse
1608 3303 1662 3350 to-

475 3416 554 3478 mes,
569 3417 659 3463 more
673 3415 733 3463 suo
748 3395 971 3485 Guelphorum
984 3415 1111 3463 causam
1127 3393 1297 3479 fovens,in
1314 3395 1441 3464 auribus
1456 3397 1540 3485 regis
1558 3395 1664 3465 subdit
1691 3408 1736 3456 20

474 3511 640 3598 inquiens:
661 3537 678 3574 a
703 3507 834 3578 domiue
856 3511 913 3593 mi,
933 3511 1093 3578 Matreum
1114 3508 1288 3600 quemdam
1307 3513 1340 3578 in
1360 3510 1546 3580 Mediolano
1575 3533 1663 3602 prae·

475 3645 543 3692 esse
558 3623 700 3706 voluisti,
711 3646 778 3692 nou
793 3625 956 3693 immerito
973 3625 1083 3692 vicinis
1104 3624 1230 3693 urbibus
1246 3624 1397 3694 odiosum
1403 3650 1413 3708 ;
1429 3624 1524 3694 huius
1541 3625 1662 3708 Mattei,

475 3761 543 3808 non
563 3739 657 3806 vestri
671 3739 811 3808 nominis
826 3738 902 3806 odio
917 3741 951 3808 iu
970 3738 1162 3807 Lombardia
1180 3739 1344 3812 rebellitae
1360 3741 1518 3810 novitates
1537 3741 1619 3808 fiunt
1631 3767 1662 3808 s.

477 3852 526 3919 his
549 3871 603 3920 aur
632 3873 744 3940 parum
774 3852 979 3922 dissimilibus
1009 3854 1098 3922 iactis
1120 3855 1322 3924 sermonibus
1344 3878 1400 3944 per
1429 3855 1538 3924 aulam
1568 3857 1662 3944 regis,

476 3989 585 4036 tomes
601 3967 788 4050 Sabaudiae,
803 3990 871 4037 non
886 3971 954 4037 sine
966 3991 1084 4058 magna
1096 3969 1353 4038 Lombardorum
1366 3969 1464 4054 clade,
1480 3969 1663 4061 aliquandiu
1692 3983 1732 4048 25

477 4086 509 4152 in
540 4083 728 4174 ambiguum
750 4107 861 4174 regem
883 4085 995 4154 tenuit.
1041 4107 1117 4154 nam
1139 4103 1212 4175 post
1240 4107 1360 4176 paucos
1384 4085 1460 4170 dies,
1479 4087 1663 4178 priusquam

530 4275 844 4336 (alffllcap.11.lllrt’rto
856 4277 904 4322 alle
915 4279 999 4334 parole
1011 4277 1040 4322 ad
1054 4278 1161 4324 solemnia
1175 4277 1328 4324 coronationis
1337 4291 1391 4324 tuae
1403 4279 1442 4323 del
1454 4290 1506 4338 cap.
1516 4278 1560 4324 LV
1577 4281 1601 4324 la
1618 4280 1664 4324 col·

477 4358 566 4414 loricae
579 4356 592 4402 ἑ
598 4357 670 4416 satta
684 4357 877 4402 esclusr'uaraerrte
890 4357 1069 4416 rall'apograso
1083 4357 1131 4414 ut,
1152 4358 1378 4416 rappmenrandou·
1389 4359 1410 4403 r'l
1422 4363 1481 4404 usto
1496 4358 1663 4404 Muraloriano

477 4438 632 4496 collationato
646 4437 666 4482 ll
678 4436 780 4496 perduro
793 4448 835 4482 trra.
850 4435 878 4482 B.
933 4437 964 4492 (b)
980 4437 1040 4482 Mur·
1055 4437 1156 4482 attollere

478 4621 610 4693 pitionem
620 4623 696 4678 »in«
708 4624 940 4696 Trepizonemre
953 4622 1050 4678 cidata
1128 4625 1172 4694 (ι)
1187 4623 1230 4679 ct.
1245 4624 1310 4682 Nic.
1326 4625 1414 4681 born.
1430 4625 1448 4680 l
1464 4643 1486 4681 c.

479 4705 522 4760 dal
536 4705 631 4762 chron
644 4707 750 4763 storea
771 4708 800 4762 di
819 4707 849 4764 Β.
863 4707 1004 4774 Moerum,
1016 4707 1051 4774 11,
1130 4705 1172 4778 (2)
1189 4707 1230 4762 Cf.
1246 4707 1309 4766 lire
1326 4710 1414 4766 Bora.
1429 4726 1490 4782 907.

479 4805 506 4856 x,
528 4805 603 4856 tros.
638 4789 671 4846 V.
691 4790 857 4846 Prcfarione.
