3860 5884
620 539 650 598 1.
678 540 736 596 os
765 538 1080 597 certauere.
1402 525 1443 610 87

323 762 411 832 XLI.
457 763 501 830 At
523 783 591 830 non
609 763 751 851 impune,
764 761 836 830 licet
850 760 973 842 frustra,
989 779 1171 851 pugnarunt
1186 759 1445 830 Mediolanenses

259 899 295 944 ea
318 876 369 945 die
384 876 436 960 (·);
459 898 534 946 nam
559 877 735 944 Brixienses
758 875 840 944 banc
867 875 1157 944 Mediolanensium
1181 876 1342 958 iniuriam,
1364 896 1445 965 quos

259 1013 325 1061 non
355 991 496 1060 multum
526 989 658 1060 infestos
684 991 884 1080 reputabant,
906 1013 999 1081 aegre
1022 989 1170 1074 ferentes,
1192 989 1266 1060 inde
1289 991 1445 1060 ultionem

259 1109 348 1176 omni
371 1107 477 1176 studio
499 1125 665 1197 quaemnt,
682 1125 775 1198 atque
794 1109 874 1176 intra
897 1131 931 1176 se
951 1127 1129 1176 mussantes
1145 1107 1293 1199 inquiunt
1313 1131 1446 1178 omnem

212 1241 230 1310 5
259 1223 374 1292 veteris
397 1223 554 1292 amicitiae
576 1221 675 1291 fidem
696 1223 852 1312 perditam
871 1243 949 1291 esse.
995 1241 1069 1312 post
1083 1241 1175 1290 vetus
1189 1221 1290 1291 bostis
1314 1221 1353 1290 ad
1377 1223 1447 1292 Me·

259 1336 376 1406 diolani
390 1337 400 1428 Ι
414 1337 558 1426 regimen
581 1357 764 1428 resumpms
783 1356 841 1405 est.
888 1355 964 1406 tunc
987 1338 1105 1406 etenim
1120 1337 1216 1427 paulo
1232 1357 1305 1406 ante
1316 1337 1351 1392 (¹)
1363 1337 1444 1406 Mat·

259 1471 328 1520 teus
348 1452 537 1520 Vicecomes
555 1453 588 1520 in
612 1453 719 1520 castris
735 1451 836 1522 multa
851 1451 1084 1520 Gibellinorum
1102 1453 1281 1540 principum
1305 1473 1402 1543 opera
1416 1472 1447 1520 et

259 1567 483 1634 intercessione
498 1565 610 1634 frustra
621 1565 881 1657 repugnantibus,
891 1565 1039 1634 audiente
1055 1567 1245 1658 Philippone
1257 1585 1289 1635 et
1302 1567 1446 1635 Antonio

259 1681 299 1750 de
322 1681 470 1772 Fixiraga
493 1701 525 1750 et
548 1682 614 1750 aliis
636 1681 828 1772 principibus
858 1683 953 1773 partis
985 1703 1071 1764 suae,
1095 1703 1113 1749 a
1142 1705 1229 1772 tege,
1261 1682 1335 1750 loco
1366 1687 1447 1752 msci

195 1814 233 1864 to
259 1796 384 1866 Nicolai
400 1795 576 1865 Mediolani
591 1797 725 1866 vicarius
744 1796 844 1866 factus
861 1815 936 1866 erat.
974 1796 1045 1887 (ac)
1060 1797 1156 1886 ipsius
1181 1797 1293 1866 Mattei
1316 1796 1447 1887 quidam

259 1933 376 1996 tuscus,
395 1913 514 1982 scilicet
536 1912 649 1984 Nellos
672 1912 712 1981 de
736 1915 852 1994 Massa,
877 1931 969 1980 vetus
991 1930 1058 1980 etat
1080 1909 1241 1980 familiaris
1260 1931 1292 1980 et
1315 1913 1446 1995 amicus,

260 2047 291 2097 et
313 2047 478 2119 propterea
496 2047 572 2098 ttrnc
594 2030 675 2098 inter
699 2027 905 2098 conestabiles
921 2029 1191 2096 mercenariorum
1214 2027 1353 2096 milimm
1376 2027 1447 2096 Me·

259 2143 492 2212 diolanensium
519 2143 712 2234 praeelectus
746 2161 778 2212 et
807 2144 839 2212 in
873 2141 991 2212 bellicis
1023 2142 1117 2212 rebus
1149 2141 1295 2231 gerendis
1321 2165 1448 2234 semper

259 2259 379 2348 primus
391 2257 437 2326 (²).
483 2258 535 2326 hic
549 2257 646 2347 paulo
661 2276 734 2348 post
752 2257 860 2327 datam
875 2255 1088 2326 brixiensibus
1103 2281 1258 2348 pugnam,
1276 2259 1448 2326 commissa

194 2387 230 2456 15
258 2372 316 2440 sibi
338 2373 478 2463 quadam
500 2390 595 2442 nocte
619 2372 761 2442 custodia
785 2390 858 2440 ante
880 2389 1006 2460 portam
1021 2421 1123 2440 .....
1138 2371 1173 2427 (ι)
1187 2395 1228 2440 ne
1244 2369 1319 2442 inde
1333 2371 1372 2439 ab
1387 2370 1447 2438 ho·

258 2486 356 2558 stibus
379 2489 504 2578 eruptio
526 2487 626 2572 fieret,
648 2511 682 2556 se
705 2489 789 2556 lecto
818 2486 956 2556 dedisset
985 2509 1098 2556 securo
1121 2489 1260 2580 somnol
1274 2487 1445 2570 dormiens,

260 2603 448 2686 brixienses,
476 2625 543 2672 uno
573 2603 703 2692 agmine
732 2598 829 2684 fatto,
852 2601 958 2670 subito
981 2603 1091 2672 armati
1113 2626 1170 2692 per
1192 2603 1294 2694 ipsam
1322 2619 1446 2692 portam

259 2737 365 2800 ruunt,
383 2737 477 2808 atque
496 2716 785 2788 Mediolanensium
800 2735 901 2786 castra
916 2717 1144 2807 ingredientes,
1160 2739 1366 2808 quocumque
1380 2739 1448 2806 per-

257 2852 350 2922 gunt,
372 2830 455 2902 ferro
478 2851 511 2902 et
533 2835 608 2924 igne
631 2851 788 2920 occupant
811 2830 994 2922 multosque
1017 2855 1138 2902 somno
1156 2855 1270 2923 graves
1300 2833 1449 2902 occidunt

184 2967 233 3040 ,ao
259 2967 352 3038 atque
374 2949 485 3016 omnia
506 2947 645 3018 mmulm
668 2965 795 3016 terrent.
841 2967 954 3016 vemm
981 2947 1051 3038 plus
1066 2951 1193 3039 pavoris
1207 2969 1305 3038 quam
1319 2947 1448 3036 periculi

312 3155 340 3208 le)
356 3153 396 3198 Be
409 3167 436 3200 so
449 3153 494 3210 die3
507 3165 559 3198 uam
572 3161 623 3212 post
637 3165 722 3211 paucos
736 3152 784 3200 dles
797 3153 850 3198 dum
865 3153 944 3199 Nellos
957 3152 985 3198 de
1005 3153 1081 3200 Massa
1102 3161 1167 3199 retus
1187 3153 1302 3199 ismillarls
1321 3161 1343 3198 et
1363 3153 1449 3198 anticos

258 3231 348 3278 bisnhei
368 3231 524 3286 vieeeesnitts,
538 3241 560 3279 et
574 3241 691 3290 propterte
705 3241 759 3279 tuoe
777 3233 835 3280 inter
849 3231 995 3278 cooeaabiles
1009 3237 1198 3280 mercenariorum
1213 3233 1315 3291 equitnm
1329 3233 1447 3278 Mediolani

258 3311 400 3368 praeelectos
413 3319 435 3357 et
449 3313 472 3358 lo
482 3311 568 3357 bellicis
580 3313 647 3358 rebus
660 3312 763 3368 gemat·
777 3325 865 3370 semper
875 3312 970 3370 primus,
980 3311 1100 3358 commisse
1108 3311 1149 3356 sibi
1160 3311 1255 3370 quedem
1266 3319 1332 3358 nocte
1346 3311 1449 3358 custode

257 3399 308 3438 ante
321 3401 457 3452 portam...
472 3405 501 3438 oe
514 3391 566 3444 iude
580 3395 609 3438 sb
621 3393 723 3439 hostibus
736 3391 833 3450 irruptio
843 3393 911 3446 meet,
924 3395 1019 3438 lectore
1031 3393 1128 3440 dedisset
1138 3405 1219 3438 muro
1232 3404 1312 3438 wmno
1324 3393 1449 3448 dormiens,

257 3466 386 3514 unomen

291 3643 335 3712 (r)
350 3643 388 3698 La
407 3643 528 3700 eleaione
543 3643 571 3699 di
586 3645 688 3700 Matteo
704 3641 829 3700 Visconti
874 3645 930 3700 dini
948 3645 975 3699 di
991 3645 1089 3712 Massa,
1103 3645 1154 3700 che
1173 3645 1200 3700 la
1219 3644 1387 3718 Repubblica
1402 3643 1449 3700 iio

257 3727 385 3782 evitatio
396 3727 534 3798 imperiale
547 3727 574 3782 in
587 3727 692 3784 Milano
703 3727 730 3782 in
743 3727 829 3799 luogo
874 3727 979 3782 rentina
998 3745 1075 3800 prese
1094 3729 1139 3801 piir
1158 3728 1226 3783 tardi
1247 3729 1272 3782 ai
1287 3729 1378 3802 propri
1397 3745 1451 3784 ser·

256 3808 282 3863 di
301 3807 418 3864 Niccolb
446 3809 612 3882 Boosignorl
633 3827 696 3866 reca
723 3810 749 3865 la
768 3809 829 3866 data
874 3811 930 3884 vigi
945 3829 993 3886 per
1008 3811 1033 3866 la
1045 3811 1130 3868 diiesa
1144 3812 1214 3868 delle
1227 3813 1291 3868 valli
1306 3813 1333 3868 di
1348 3813 1449 3868 Pesae

256 3891 300 3948 del
318 3893 534 3964 teluglior3tr.
572 3893 594 3949 ll
608 3895 776 3950 documento
794 3895 830 3950 ti·
875 3895 970 3950 d’Elsa
989 3893 1158 3966 iibgiugno
1177 3911 1258 3968 1313:
1278 3896 1376 3952 sltem
1395 3895 1449 3950 cle·

255 3987 313 4029 tato
335 3977 379 4031 nei
399 3978 497 4048 Regesla
515 3975 561 4032 dal
577 3977 698 4034 Boiam
713 3975 742 4031 su
767 3977 831 4052 pub-
877 3991 962 4035 «ctus
977 3991 1026 4046 est,
1041 3977 1084 4034 die
1099 3993 1173 4034 sexta
1193 3982 1294 4034 mensis
1313 3980 1387 4046 iunii,
1401 3979 1450 4032 do-

255 4057 354 4115 biicato
377 4061 466 4116 anche
488 4059 532 4115 dal
558 4061 693 4128 bortatur,
720 4078 765 4134 op.
785 4061 829 4116 cit
877 4063 992 4118 «minus
1010 4061 1107 4118 Nellos
1125 4063 1159 4118 de
1179 4063 1295 4118 'fodinis
1308 4063 1342 4118 de
1358 4063 1450 4118 Massa

256 4141 277 4208 l,
306 4145 390 4216 189e
416 4161 476 4216 agg.
514 4145 627 4201 lutomo
645 4145 672 4200 al
699 4145 830 4201 vicariato
878 4147 1058 4218 «capitaneus
1077 4157 1104 4200 et
1120 4145 1237 4202 vicarius
1256 4147 1373 4219 partium
1392 4162 1451 4217 prc-

255 4227 382 4296 geoeralc
406 4229 434 4284 di
459 4228 662 4284 lombardiae
692 4230 718 4284 ai
745 4229 829 4284 vicari
878 4230 1044 4294 «dictarum,
1072 4241 1099 4284 et
1117 4229 1199 4284 mlase
1218 4241 1280 4284 sunt
1307 4231 1332 4284 ei
1356 4227 1450 4283 littere

255 4311 326 4366 delle
341 4313 404 4368 citra
416 4311 558 4368 lombarde
578 4312 613 4368 cf.
626 4313 662 4370 Ο.
677 4313 830 4380 Fstssmo,
877 4331 951 4387 «pro
976 4325 1052 4386 parte
1070 4313 1174 4368 domini
1197 4313 1290 4378 Pucci,
1309 4311 1404 4367 iudicis
1423 4324 1450 4367 et

255 4411 300 4466 op.
320 4395 364 4450 cit.
379 4412 437 4468 p.9
460 4413 566 4468 esgg.;
581 4415 597 4452 e
613 4397 657 4470 piis
677 4397 832 4470 particolar·
877 4397 996 4452 «vicarii
1025 4397 1165 4469 potestatis
1194 4409 1221 4450 et
1251 4395 1394 4468 capitanci,
1423 4409 1450 4450 et

255 4489 347 4532 mente
374 4477 408 4533 ci.
428 4479 541 4544 Srcstrt,
567 4481 621 4535 Das
647 4481 761 4536 l'itars'al
788 4479 831 4534 der
877 4483 1023 4556 «priorum
1039 4493 1066 4536 et
1081 4479 1231 4548 vexilliferi,
1245 4480 1348 4534 tenoris
1364 4492 1393 4534 ut
1406 4497 1450 4534 su·

261 4561 369 4616 l's'scotslt'
390 4561 417 4616 in
437 4561 535 4618 Wiener
548 4563 775 4636 Silrrngsbcrt'clrle,
795 4563 830 4628 V,
877 4581 950 4636 «pra
961 4585 985 4617 s.
1023 4562 1065 4620 Cf.
1076 4563 1210 4630 boram,
1228 4579 1273 4634 op.
1287 4563 1331 4616 cit.
1343 4561 1376 4629 11,
1389 4577 1447 4632 255.

256 4659 329 4710 xm
344 4645 433 4712 Wien,
452 4647 526 4718 1859,
543 4664 567 4719 p.
583 4663 599 4720 7
615 4665 631 4704 e
646 4665 705 4720 agg.
912 4647 954 4718 (3)
968 4647 1008 4702 La
1017 4647 1111 4702 sortita
1121 4648 1143 4700 si
1154 4645 1265 4702 effertub
1276 4661 1323 4717 per
1336 4645 1449 4718 laporta

290 4727 335 4798 (a)
357 4729 421 4784 Non
440 4745 489 4802 par
512 4729 611 4785 dubbio
636 4731 688 4786 che
714 4732 737 4786 si
759 4731 833 4786 tratti
876 4730 949 4786 deta
967 4729 1039 4786 delia
1057 4729 1188 4786 Posterla.
1235 4727 1279 4786 Ci.
1302 4729 1449 4784 Mittam

256 4811 282 4866 di
292 4811 384 4884 quello
396 4825 484 4868 stesso
495 4813 620 4887 capitano
631 4815 712 4870 Nello
727 4814 769 4870 de'
778 4815 833 4870 To·
879 4813 972 4870 Cliton⁸
981 4813 1039 4880 l.c.;
1050 4813 1187 4880 Ouoercr,
1196 4829 1241 4886 op.
1251 4813 1383 4878 citV,v1,
1392 4828 1449 4884 300.
