3860 5890
619 539 647 595 t.
674 539 731 594 ott
760 535 1075 596 cunuuttate.
1378 541 1437 608 109

250 757 334 826 vado
361 781 418 850 pet
445 757 603 827 anfractus
636 759 760 828 viarum
787 760 913 848 iniquos
940 775 1139 826 transeuntes
1168 777 1279 846 passus
1314 756 1438 839 vident,

250 871 372 942 Thusci
391 874 497 964 ptimo
516 873 739 963 expeditorum
753 874 875 964 impetu
894 873 1052 954 concussi,
1063 869 1177 944 deinde
1193 873 1318 940 modica
1330 893 1438 962 pugna

249 989 364 1058 turbati
381 989 581 1079 laceratique,
597 990 629 1056 in
653 987 730 1078 fuga
746 989 882 1058 salutem
897 1007 1065 1080 quaerunt,
1080 1011 1117 1056 ac
1139 987 1355 1078 propinquum
1383 1009 1438 1078 op·

249 1103 360 1194 pidum
384 1105 547 1186 Ancisam,
571 1101 679 1172 multis
698 1126 754 1193 per
771 1125 901 1192 campos
919 1103 1029 1185 caesis,
1047 1119 1169 1192 petunt,
1188 1125 1247 1170 nec
1269 1125 1304 1168 se
1326 1101 1437 1191 primis

180 1237 219 1302 55
250 1218 421 1288 moenibus
439 1237 526 1288 tutos
545 1237 667 1306 putant,
686 1219 790 1287 immo
808 1218 840 1286 in
859 1239 1020 1287 summam
1036 1239 1140 1286 arcem
1154 1215 1262 1306 oppidi
1286 1217 1439 1286 continua

250 1333 325 1422 fuga
347 1331 494 1402 tendunt.
540 1333 763 1422 Guelphontm
794 1333 898 1422 plures
921 1333 954 1400 in
978 1331 1054 1421 suga
1083 1353 1180 1420 quam
1203 1332 1238 1399 itt
1261 1331 1327 1398 acie
1357 1329 1437 1398 ceci·

249 1447 334 1532 dete,
355 1447 446 1518 multi
469 1449 550 1539 capti
580 1467 665 1532 sunt,
685 1449 759 1516 licet
781 1447 931 1518 Gibellini
955 1469 1066 1538 parum
1093 1443 1251 1538 fugientes
1281 1445 1436 1536 persecuti

249 1563 323 1630 sint.
369 1563 472 1630 immo
483 1563 593 1652 positis
606 1561 751 1630 hostibus
762 1563 795 1629 in
807 1559 969 1644 conflictu,
980 1579 1080 1630 castra
1090 1577 1216 1650 ponunt
1225 1581 1324 1650 prope
1336 1559 1437 1650 ripam

249 1675 337 1742 Arni.
382 1695 456 1744 sunt
469 1677 525 1766 qui
545 1695 689 1746 asserum
712 1676 937 1766 imperatorem
955 1675 1139 1744 Tuscorum
1150 1673 1315 1743 rebellioni
1331 1695 1372 1740 eo
1387 1671 1438 1741 die

181 1789 223 1850 60
249 1789 348 1860 tinem
364 1791 498 1874 dedisse,
514 1795 541 1860 si
555 1817 656 1884 usque
670 1795 821 1862 Ancisatu
837 1813 1020 1884 persecutus
1035 1791 1145 1862 fuisset
1157 1793 1299 1860 hostium
1315 1788 1438 1881 fugam,

249 1927 303 1976 aut
317 1907 345 1974 si
367 1907 426 1974 iter
441 1929 640 1998 properasset
662 1909 701 1978 ad
725 1909 836 1978 urbem
855 1909 940 1978 illico
959 1929 1032 1998 post
1051 1907 1235 1978 conflictum
1250 1909 1295 1974 (¹).

315 2021 370 2092 LI.
416 2025 458 2092 At
482 2023 667 2107 Florentini,
683 2025 738 2093 ubi
756 2025 931 2094 exercitum
955 2023 1097 2094 hostium
1116 2023 1155 2092 ad
1177 2023 1277 2113 ripam
1296 2021 1437 2090 fluminis

247 2157 432 2228 pernoctate
451 2139 604 2220 sentiunt,
623 2139 713 2208 nullo
735 2139 858 2220 ordine,
876 2140 980 2208 immo
998 2139 1105 2228 potius
1123 2137 1219 2228 fugae
1243 2138 1344 2207 modo
1363 2136 1436 2206 Flo·

248 2251 383 2318 tentiam
397 2251 540 2321 tendunt
587 2231 732 2342 sequenti
753 2251 815 2336 die,
834 2253 1005 2342 imperator
1026 2275 1136 2322 versus
1153 2252 1349 2322 Florentiam
1367 2271 1436 2321 ten·

248 2362 328 2434 dens
345 2387 420 2433 cum
444 2367 596 2449 exercitu,
615 2387 688 2436 aute
707 2389 817 2436 mutos
839 2369 938 2458 ipsius
957 2367 1042 2438 urbis
1061 2365 1142 2436 sedit
1155 2367 1244 2436 iuxta
1269 2365 1435 2436 ecclesiam

202 2493 219 2558 5
249 2479 282 2547 S.
302 2479 387 2548 Salvi
419 2503 512 2570 supra
541 2483 667 2550 Antum
689 2483 735 2566 (¹),
765 2483 798 2552 in
821 2505 887 2574 quo
909 2483 1060 2566 exercitu,
1087 2482 1278 2571 computatis
1296 2481 1436 2550 Aretinis

248 2595 377 2686 aliisque
397 2595 536 2666 Thuscis
559 2619 633 2666 suae
652 2597 799 2668 factionis
828 2619 859 2668 et
883 2599 1003 2688 aliquot
1024 2595 1185 2666 nobilibus
1207 2597 1329 2679 italicis,
1347 2615 1436 2666 etant

249 2731 315 2778 nott
332 2710 411 2778 ultra
429 2713 549 2802 equites
565 2733 654 2782 stcc.
672 2731 704 2780 et
723 2713 874 2804 cuiusque
886 2713 1013 2802 generis
1024 2710 1146 2803 pedites
1162 2731 1241 2778 .vttt.
1257 2711 1367 2793 millia,
1381 2712 1436 2800 qui

250 2841 358 2892 tamen
373 2824 484 2894 urbem
501 2826 705 2911 Florentiam,
725 2849 800 2896 cum
819 2845 867 2896 tot
885 2825 1200 2917 praenominatorum
1213 2823 1436 2914 Guelphorum

249 2939 418 3028 praesidio,
429 2939 596 3012 obsidione
610 2940 774 3032 premebat
784 2943 829 3010 (t),
864 2941 951 3012 nulla
964 2941 1060 3010 etiam
1076 2959 1221 3030 tempore
1233 2941 1336 3008 noctis
1346 2941 1435 3030 quasi

184 3065 222 3112 ¹0
251 3053 393 3124 custodia
416 3057 448 3126 in
473 3059 581 3128 castris
610 3057 709 3141 lacta3
743 3059 846 3126 immo
875 3058 970 3126 etiam
1001 3077 1091 3126 tauto
1114 3057 1147 3125 in
1166 3055 1315 3146 despectu
1339 3055 1435 3125 habe·

250 3167 364 3238 bantur
385 3171 535 3262 Guelpbi‚
559 3172 646 3262 quod
669 3195 788 3264 magna
809 3193 879 3263 pars
903 3173 1047 3261 equitum
1071 3189 1103 3240 et
1137 3171 1359 3262 expeditorum
1382 3193 1435 3262 pe·

249 3282 352 3352 ditum
381 3307 437 3374 per
467 3307 578 3376 agnum
604 3287 824 3356 Florentinum
854 3287 1030 3376 longinqua
1063 3309 1140 3376 pace
1162 3287 1291 3376 plenum
1322 3307 1358 3354 ac
1380 3284 1434 3356 diu

250 3417 342 3466 antea
361 3397 487 3468 bellicae
505 3401 721 3490 populationis
740 3403 888 3492 ignarum
910 3401 1052 3491 quotidie
1075 3400 1269 3470 discurrebat
1287 3400 1326 3469 ad
1345 3423 1434 3492 prae·

250 3511 337 3596 dam,
350 3513 428 3582 dum
442 3517 608 3606 praecipue
624 3517 776 3586 exercitui
787 3519 961 3586 necessaria
977 3516 1124 3584 victualia
1134 3533 1298 3606 quaetunt
1345 3517 1435 3586 cuius

183 3641 218 3708 15
249 3627 293 3694 rei
312 3649 406 3696 causa
424 3647 511 3698 tanta
530 3629 746 3700 iumentorum
761 3649 793 3699 et
815 3632 969 3720 cuiusque
986 3631 1111 3721 generis
1129 3651 1282 3720 pecomm
1298 3631 1331 3698 in
1345 3653 1434 3700 exer·

249 3744 312 3812 citu
331 3744 423 3832 copia
445 3763 522 3826 etat,
545 3764 580 3814 ut
597 3767 654 3835 pro
673 3744 798 3814 floreno
821 3767 888 3816 uno
906 3745 1057 3814 venderet
1079 3745 1196 3836 praedo
1220 3744 1350 3830 bovem,
1372 3767 1433 3814 nec

248 3858 419 3949 reperiebat
448 3881 638 3952 emptorem.
684 3885 744 3932 nec
767 3863 903 3947 mirum;
930 3863 1000 3952 quis
1022 3863 1110 3932 enim
1132 3863 1166 3932 in
1189 3863 1327 3934 exercitu
1350 3887 1434 3934 met-

283 4133 326 4204 (t)
345 4131 389 4189 Cf.
404 4131 467 4190 Ntc.
486 4133 575 4190 Bora
594 4149 643 4206 9²5
665 4151 680 4190 e
700 4135 734 4190 G.
754 4135 818 4191 Vra·
861 4151 929 4208 925;
943 4135 1011 4190 Aac
1026 4135 1171 4206 Mussnto,
1186 4133 1221 4202 X,
1234 4135 1305 4192 rubr.
1321 4134 1435 4202 u;Ftut·

248 4229 324 4281 east,
345 4215 393 4282 1x.
414 4231 471 4272 nv
496 4233 511 4272 e
535 4231 617 4274 saut:
644 4217 765 4274 «ebese
789 4217 817 4273 lo
861 4219 1087 4286 unto,V,tttt.

249 4299 435 4372 «imperatore
445 4317 498 4356 con
514 4319 562 4356 sua
577 4313 666 4373 geute,
681 4301 753 4358 uella
768 4317 818 4358 tua
897 4301 940 4374 (3)
956 4301 1021 4359 Cosl
1035 4303 1071 4358 G.
1088 4303 1220 4372 Vtmattt,
1236 4303 1288 4360 loc.
1298 4303 1357 4359 cit:
1376 4323 1391 4354 α
1404 4303 1432 4359 lo

250 4385 359 4440 «subita
366 4397 474 4450 torota,
481 4385 553 4442 fosse
561 4398 661 4442 vestuto
671 4387 724 4442 alle
731 4399 818 4460 pone,
863 4385 1052 4458 «impetatote
1072 4403 1119 4440 eta
1133 4401 1186 4441 con
1208 4385 1275 4442 tboo
1295 4385 1431 4454 cavalleri,

248 4467 298 4522 «le
308 4479 458 4522 trovatano
468 4483 559 4542 aperte
573 4469 671 4526 emtle
681 4469 817 4540 guemite;
863 4471 908 4526 «ti
932 4469 985 4526 boo
1011 4471 1215 4538 ultramontani,
1238 4485 1266 4527 et
1297 4487 1363 4528 tooo
1385 4471 1433 4526 ita·

248 4571 262 4598 ι
274 4563 301 4606 et
315 4567 363 4624 pet
375 4551 395 4608 li
407 4553 452 4626 plu
464 4553 488 4609 si
500 4553 581 4610 crede
593 4553 727 4610 hanebbe
740 4570 818 4628 presa
863 4555 953 4610 «uani
984 4555 1012 4610 di
1045 4553 1135 4610 Roma
1167 4567 1194 4610 et
1232 4553 1304 4610 della
1331 4555 1433 4622 Marce,

248 4635 412 4692 «lecina».
864 4637 1020 4694 «d'Areuo
1038 4651 1066 4694 et
1084 4639 1111 4694 di
1129 4638 1283 4710 Romaque,
1306 4639 1433 4694 de’eonti

282 4719 325 4790 (a)
344 4719 366 4774 n
387 4735 419 4794 tp
437 4723 581 4778 teoembte
600 4723 627 4778 di
651 4723 817 4796 quell¹auuo.
862 4741 877 4772 e
889 4721 971 4778 Guidl
985 4736 1013 4778 et
1027 4723 1054 4778 di
1069 4721 1153 4796 quelli
1167 4721 1194 4778 di
1210 4721 1294 4778 Scuta
1310 4723 1388 4778 Flore
1404 4733 1433 4778 et

247 4799 291 4858 Cl
302 4801 337 4858 G.
347 4803 480 4872 thsttt,
489 4805 537 4872 lx,
549 4821 633 4873 nm
648 4805 712 4862 Ntc.
725 4805 815 4862 Βοτι.
862 4826 878 4857 ι
888 4805 967 4862 uselti
976 4806 1003 4861 dl
1012 4805 1132 4874 Picenae,
1146 4817 1227 4878 gente
1236 4823 1252 4862 t
1261 4805 1313 4880 pie'
1326 4806 1432 4862 assei».
