3860 5884
598 569 625 626 1.
653 569 712 626 on
739 567 1058 628 cennenars.
1378 577 1420 644 57

229 809 392 884 acceperat
421 791 594 860 assertione
628 790 817 874 multorum,
854 793 922 862 eius
951 791 1128 882 praesentia
1157 791 1299 878 laetatus,
1333 793 1422 864 cuins

229 906 379 978 horrebat
402 907 598 976 absentiam:
622 909 784 992 «Manes,
802 907 915 998 inquit,
939 907 1072 978 ubinam
1096 909 1213 978 Galeaz
1235 907 1317 978 filius
1337 929 1423 992 tuus,

228 1050 327 1118 quem
346 1025 478 1118 quidam
497 1023 591 1095 nobis
609 1023 762 1094 infestum
780 1023 915 1096 dicunt?
960 1044 992 1095 et
1012 1045 1046 1094 tu
1070 1027 1199 1096 haesisti
1218 1028 1251 1094 in
1269 1025 1333 1095 fide
1349 1027 1423 1096 titu-

181 1161 199 1228 5
231 1141 319 1226 bans,
343 1139 400 1210 sed
423 1139 536 1210 lortius
560 1138 745 1232 obloquitur
768 1159 878 1208 contra
901 1159 932 1210 te
955 1140 1089 1231 vulgus5
1117 1165 1194 1210 nam
1225 1141 1423 1231 conspirasse

230 1259 342 1328 diceris
357 1259 391 1326 in
405 1257 575 1328 dominum
588 1275 621 1326 et
631 1257 907 1328 reconciliatorem
923 1276 1025 1342 tuum,
1038 1259 1048 1348 Ι
1059 1257 1330 1328 communicando
1346 1283 1424 1328 con·

230 1373 299 1441 silis
327 1395 402 1442 curn
432 1371 481 1442 his
504 1392 598 1462 quos,
620 1372 666 1442 tui
692 1394 794 1456 causa,
819 1371 912 1442 nobis
930 1372 1064 1444 infestos
1087 1372 1231 1442 lecimus.
1280 1397 1335 1444 cur
1356 1393 1423 1444 tam

231 1487 338 1558 tardus
369 1489 433 1558 buc
455 1487 590 1556 venisti?
611 1489 678 1552 (·)a
730 1487 853 1558 atille:
896 1511 1055 1559 «summe
1078 1511 1205 1579 regum,
1230 1491 1344 1580 inquit,
1370 1509 1424 1560 tua

233 1603 402 1673 clementia
421 1627 494 1673 sum
516 1602 604 1693 quod
623 1627 709 1687 sum,
726 1623 759 1673 et
776 1603 831 1695 qui
850 1625 903 1674 me
925 1623 1103 1695 sequuntur
1121 1627 1248 1694 semper
1266 1625 1360 1674 erunt
1377 1624 1424 1675 te·

165 1737 204 1786 ro
232 1745 306 1792 curn
319 1721 365 1804 θ),
384 1719 498 1812 quibus
516 1719 744 1812 quodcumque
763 1722 888 1790 iusseris
907 1743 975 1790 non
993 1722 1108 1812 exequi
1128 1719 1217 1790 nefas
1232 1739 1290 1790 est
1336 1722 1425 1813 quod

231 1837 332 1928 potui,
349 1835 458 1906 audito
476 1835 627 1920 tumultu,
643 1855 678 1906 ut
693 1835 783 1904 ocius
798 1834 862 1905 huc
880 1835 1075 1920 accederem,
1099 1853 1185 1904 tutus
1204 1835 1322 1906 feci<‘>.
1368 1835 1424 1906 sed

231 1975 282 2036 ne,
299 1951 362 2020 tuis
375 1950 524 2042 gentibus
539 1949 752 2022 nescientibus
768 1971 844 2020 vota
859 1953 989 2036 civium,
999 1949 1039 2020 ad
1056 1951 1234 2021 reveniens
1249 1953 1427 2036 insultarer,

231 2069 376 2136 vicinum
387 2067 562 2158 hospitium
572 2065 747 2135 cancellarii
760 2089 816 2156 per
824 2067 859 2122 (⁴)
870 2067 1046 2157 posteriora
1057 2066 1174 2137 domus
1185 2068 1303 2138 accessi
1310 2093 1320 2152 3
1333 2067 1426 2138 obse·

232 2205 322 2252 nans
342 2201 436 2274 atque
450 2181 613 2252 obtestans
627 2179 687 2250 sibi
699 2185 734 2238 (²)
756 2201 802 2266 ut,
817 2205 852 2252 se
872 2183 1000 2266 comite,
1013 2183 1074 2254 iter
1088 2183 1167 2252 mihi
1183 2201 1289 2254 tutum
1307 2182 1348 2252 ad
1366 2206 1426 2252 vos

165 2317 201 2384 15
232 2299 366 2384 iacerem
386 2299 453 2390 ipse
464 2299 499 2354 (s)
522 2321 671 2390 praesens
690 2297 789 2381 audit,
808 2317 840 2368 et
858 2299 1018 2368 innocuae
1036 2321 1147 2368 veram
1170 2321 1300 2368 causam
1314 2321 1426 2369 morae
1505 2295 1514 2314 ⁹

233 2419 324 2487 novit
336 2445 367 2486 s.
414 2436 446 2485 at
461 2416 664 2487 cancellarius
680 2414 819 2506 benigne
835 2415 1009 2506 suscipiens
1025 2415 1118 2484 amici
1136 2437 1274 2500 causant,
1294 2439 1371 2486 eum
1386 2415 1427 2484 ab

232 2533 323 2603 initio
339 2533 490 2603 novitatis
509 2532 597 2602 adse
616 2532 712 2602 fuisse
728 2531 848 2616 asserit,
862 2532 872 2624 Ι
885 2551 917 2600 et
928 2551 1142 2624 opportunam
1160 2551 1255 2624 atque
1274 2531 1427 2602 creditam

232 2647 392 2720 dilationis
413 2671 542 2718 causam
553 2649 639 2732 dicit,
653 2667 764 2740 utpote
781 2647 929 2740 princeps
947 2666 1060 2718 notam
1078 2670 1240 2740 quamque
1258 2647 1317 2717 sibi
1337 2671 1427 2718 com·

232 2763 361 2832 miserat
375 2787 415 2832 eo
431 2761 482 2832 die
493 2763 584 2830 (⁸³0).
630 2763 759 2833 interim
770 2763 888 2834 Galeaa
904 2782 1014 2833 contra
1025 2763 1215 2834 mandatum
1229 2765 1325 2855 patris
1340 2785 1429 2833 arma

284 2957 368 3014 <alfii
382 2955 478 3004 venisti?
505 2969 581 3004 nonna
595 2955 681 3004 dudunt
694 2969 812 3004 umorem
826 2957 1010 3004 hemitostotam
1024 2957 1101 3004 urbem
1116 2956 1202 3004 morit?
1227 2965 1252 3002 at
1305 2957 1337 3014 (b)
1352 2957 1393 3004 Bb
1406 2965 1428 3004 et

231 3037 270 3098 qai
283 3047 435 3096 meaeqmmr
448 3051 537 3096 semper
548 3037 591 3084 erit
604 3045 681 3084 recum
734 3040 766 3094 le)
781 3045 845 3085 ratas
855 3035 888 3084 ini
942 3037 975 3094 (d)
991 3037 1030 3084 Bb
1043 3037 1244 3096 cancellarilprios
1258 3049 1299 3096 per
1340 3039 1372 3095 (a)
1386 3037 1429 3084 Bb

230 3117 529 3176 metumientem
541 3117 582 3162 sibl
636 3116 669 3176 (l)
684 3117 725 3164 Bt
738 3117 823 3176 quippe
885 3119 915 3176 ω
931 3116 972 3164 Bt
986 3125 1065 3176 amota
1079 3117 1295 3176 mindphmaram.
1323 3115 1415 3164 interim

268 3283 312 3354 (ι)
327 3281 395 3338 Coei
415 3281 478 3337 Ntc.
499 3281 590 3336 Rota.
606 3281 671 3354 897:
699 3301 714 3332 a
727 3280 807 3336 Tunc
854 3279 1001 3348 afuissem,
1013 3281 1078 3356 quia
1092 3281 1125 3336 ab
1141 3280 1270 3336 omnibus
1285 3280 1429 3336 accusaba-

234 3385 248 3414 α
259 3363 306 3420 tna
327 3363 397 3420 hora
420 3381 473 3438 ego
491 3381 568 3420 eram
587 3381 651 3420 tum
669 3381 742 3438 rege,
762 3365 809 3439 qui
855 3378 932 3432 atur,
947 3379 974 3420 er
992 3365 1082 3421 adhuc
1097 3365 1180 3422 mam
1193 3377 1380 3433 aecusatur‚et
1393 3365 1431 3420 di-

234 3471 249 3500 ι
261 3447 401 3504 mandavit
418 3449 492 3522 quod
511 3449 639 3506 dominus
654 3449 809 3508 Matthaeus
855 3461 945 3506 «eunt
951 3451 1025 3524 quod
1034 3449 1092 3522 ipse
1102 3450 1254 3518 consensit;
1265 3449 1429 3523 sedqoaodo

235 3545 401 3606 «caperetur
411 3550 474 3588 curn
483 3532 553 3590 filiis.
586 3533 645 3608 Ego
656 3535 809 3608 autem‚qui
854 3535 946 3592 «vidit
967 3535 1041 3608 quod
1064 3551 1108 3590 res
1130 3549 1187 3590 oon
1211 3545 1337 3608 poterant
1362 3533 1430 3602 fieri,
1529 3547 1536 3564 ·

234 3637 249 3668 ι
259 3617 395 3674 veniendo
414 3617 448 3674 ad
464 3634 558 3690 regem
573 3619 607 3674 de
625 3619 711 3674 domo
730 3619 809 3674 Prae·
854 3631 991 3694 «propter
999 3617 1201 3676 festinationem
1214 3619 1328 3674 nimiam
1339 3617 1430 3674 Theu-

233 3723 248 3752 «
259 3701 422 3768 dicatorum,
432 3701 602 3775 perdomum
613 3701 768 3759 cancellani
777 3703 810 3774 (il
854 3725 869 3756 a
879 3705 1035 3761 topicorum
1051 3715 1228 3770 armatorum,
1243 3703 1345 3758 dimisit
1360 3701 1429 3759 alios

233 3803 361 3842 anaceto
379 3785 406 3840 ds‘
429 3787 532 3858 Tranio)
551 3787 740 3854 nansiveram,
764 3789 808 3842 ubi
856 3787 1046 3862 «lubrigaet
1060 3805 1089 3844 se
1104 3801 1179 3844 extra
1189 3787 1281 3862 posuit
1291 3807 1317 3842 a.
1352 3787 1431 3844 «Da-

233 3871 360 3926 «dietum
385 3869 529 3926 domiuum
556 3871 726 3927 Matthaeum
745 3889 808 3928 tum
853 3871 1280 3946 mit-‚aggiungeilnoamem
1290 3871 1430 3928 Kritiltdar

231 3975 247 4005 a
257 3971 313 4010 uno
329 3953 387 4010 fillo
402 3969 453 4010 suo
468 3953 626 4010 dimiseram
639 3955 697 4012 sine
716 3956 809 4026 umis,
855 3957 1211 4030 lelm&c.op.cit.,p.9a:
1222 3953 1430 4026 tlilltJobanns

232 4039 332 4094 edixi:
358 4043 375 4068 ⁰⁸
392 4037 531 4094 Domine!
566 4039 710 4094 dominum
740 4037 810 4096 hiat·
855 4039 1002 4096 ahobsche
1033 4039 1216 4096 dramatisehe
1253 4037 1430 4112 Darnellung

231 4144 246 4173 a
256 4123 369 4177 thaeum
379 4121 407 4176 in
420 4121 506 4178 domo
521 4122 677 4178 cancellari
686 4123 809 4180 dimisit
856 4141 935 4180 avon
945 4141 969 4180 c.
983 4126 1016 4182 ae
1025 4125 1066 4180 bis
1076 4141 1111 4196 ²9
1121 4142 1153 4180 au
1162 4125 1215 4180 den
1224 4123 1431 4178 Worten:“1n·

231 4225 246 4256 ι
257 4205 355 4260 Nullus
367 4205 454 4261 voluit
467 4206 534 4261 mibi
545 4208 665 4262 credere.
695 4207 810 4264 Praece-
855 4208 960 4264 «terim
970 4209 1094 4266 Galeaa”
1107 4207 1161 4264 sort
1171 4227 1195 4262 a.
1220 4207 1300 4263 Maia
1309 4207 1430 4262 testim

231 4289 373 4362 «pirmihi
389 4289 517 4346 dominus
532 4290 606 4364 quod
621 4291 767 4362 egebam,
782 4303 808 4348 et
853 4291 950 4348 niaoaa
981 4293 1009 4347 di
1041 4290 1159 4348 thetole
1183 4292 1217 4349 da
1242 4291 1367 4346 botrintb
1399 4307 1429 4346 se

231 4373 422 4430 «adducerem
441 4391 514 4430 eum.
551 4375 591 4430 Ivi
607 4392 670 4431 curn
685 4377 807 4432 maxiem
853 4375 967 4432 rettilica
982 4375 1007 4431 le
1026 4375 1172 4432 assertioni
1187 4375 1231 4430 del
1246 4373 1280 4430 C.
1296 4389 1344 4447 per
1358 4385 1428 4430 tutto

232 4457 387 4530 epericulo,
404 4471 432 4514 et
449 4459 540 4532 ipsum
558 4459 658 4514 adduxi
674 4460 707 4514 ad
721 4460 808 4534 capel·
852 4459 946 4534 i1cap.
962 4459 1088 4526 XXVIII,
1102 4475 1159 4516 non
1178 4457 1288 4516 esclude
1312 4457 1363 4514 ebe
1386 4469 1428 4514 tra

233 4541 312 4596 elam
329 4541 444 4598 domini.
482 4541 564 4599 'Iunc
585 4543 652 4598 dixit
670 4543 739 4598 mihi
762 4543 809 4600 do·
852 4545 956 4602 Matteo
970 4543 1096 4600 Visconti
1119 4562 1135 4600 e
1159 4542 1351 4616 l’Imperatore
1369 4559 1428 4617 pas·

232 4625 553 4700 «mmmpubttcequod
564 4627 674 4682 servitia
687 4625 806 4684 feceram
851 4645 959 4686 sassero
973 4629 999 4684 le
1014 4628 1108 4702 parole
1123 4627 1174 4684 ebe
1187 4627 1207 4682 il
1219 4627 1254 4684 C.
1267 4629 1292 4684 ci
1306 4625 1427 4684 riferiste

232 4707 321 4774 «sibi;
340 4711 388 4764 sed
404 4709 475 4766 istud
492 4711 725 4780 erameniorum,
744 4713 807 4785 qnia
852 4713 897 4770 nel
916 4713 1035 4786 capitolo
1050 4725 1196 4785 aegoente3
1211 4711 1315 4768 dacehe
1334 4711 1427 4786 quello

233 4792 342 4848 einum
361 4795 536 4850 Innocentem
555 4797 731 4852 mandaverat
748 4797 808 4870 capi
853 4797 906 4852 che
925 4813 969 4852 era
988 4809 1134 4864 arvennae,
1148 4795 1237 4852 anche
1250 4793 1427 4869 seguendoss

233 4897 248 4928 ι
259 4877 294 4932 ad
313 4893 378 4934 enm
396 4877 624 4948 interficiendum,
641 4881 665 4936 si
683 4897 736 4954 ego
751 4897 808 4938 noo
852 4893 983 4938 raceonto
1001 4881 1028 4937 di
1046 4879 1165 4938 Niccolb
1177 4879 1213 4936 da
1225 4879 1359 4948 somno.
1371 4895 1428 4936 non

340 4999 360 5048 1.
375 5001 405 5048 de
421 5001 568 5049 m.
1293 5001 1323 5058 4·
