<?xml version="1.0" encoding="UTF-8"?>
<!DOCTYPE html PUBLIC "-//W3C//DTD XHTML 1.0 Transitional//EN"
    "http://www.w3.org/TR/xhtml1/DTD/xhtml1-transitional.dtd">
<html xmlns="http://www.w3.org/1999/xhtml" xml:lang="en" lang="en">
 <head>
  <title>
</title>
<meta http-equiv="Content-Type" content="text/html;charset=utf-8" />
  <meta name='ocr-system' content='tesseract 3.04.00' />
  <meta name='ocr-capabilities' content='ocr_page ocr_carea ocr_par ocr_line ocrx_word'/>
</head>
<body>
  <div class='ocr_page' id='page_1' title='image "./historiaiohanni01farrgoog_0179.png"; bbox 0 0 3860 5890; ppageno 0'>
   <div class='ocr_carea' id='block_1_1' title="bbox 597 569 1418 638">
    <p class='ocr_par' dir='ltr' id='par_1_1' title="bbox 597 569 1418 638">
     <span class='ocr_line' id='line_1_1' title="bbox 597 569 1418 638; baseline 0.017 -14"><span class='ocrx_word' id='word_1_1' title='bbox 597 569 623 624; x_wconf 94' lang='lat' dir='ltr'>l.</span> <span class='ocrx_word' id='word_1_2' title='bbox 652 569 709 624; x_wconf 82' lang='lat' dir='ltr'>DE</span> <span class='ocrx_word' id='word_1_3' title='bbox 738 569 1052 626; x_wconf 80' lang='lat' dir='ltr'>CERMENATE.</span> <span class='ocrx_word' id='word_1_4' title='bbox 1360 572 1418 638; x_wconf 78' lang='grc' dir='ltr'>Η9</span> 
     </span>
    </p>
   </div>
   <div class='ocr_carea' id='block_1_2' title="bbox 161 789 1425 2500">
    <p class='ocr_par' dir='ltr' id='par_1_2' title="bbox 161 789 1425 2500">
     <span class='ocr_line' id='line_1_2' title="bbox 230 789 1421 882; baseline 0.002 -24"><span class='ocrx_word' id='word_1_5' title='bbox 230 789 331 860; x_wconf 88' lang='lat' dir='ltr'>tendit</span> <span class='ocrx_word' id='word_1_6' title='bbox 345 792 389 858; x_wconf 79' lang='lat'>(⁸).</span> <span class='ocrx_word' id='word_1_7' title='bbox 436 789 479 858; x_wconf 89' lang='lat' dir='ltr'>ibi</span> <span class='ocrx_word' id='word_1_8' title='bbox 495 790 671 860; x_wconf 88' lang='lat' dir='ltr'>retribuens</span> <span class='ocrx_word' id='word_1_9' title='bbox 695 791 858 875; x_wconf 80' lang='lat' dir='ltr'>militibus,</span> <span class='ocrx_word' id='word_1_10' title='bbox 876 815 972 882; x_wconf 88' lang='lat' dir='ltr'>quam</span> <span class='ocrx_word' id='word_1_11' title='bbox 996 793 1099 880; x_wconf 92' lang='lat' dir='ltr'>potuit</span> <span class='ocrx_word' id='word_1_12' title='bbox 1123 814 1307 881; x_wconf 81' lang='lat' dir='ltr'>recuperate</span> <span class='ocrx_word' id='word_1_13' title='bbox 1325 815 1421 882; x_wconf 89' lang='lat' dir='ltr'>pecu-</span> 
     </span>
     <span class='ocr_line' id='line_1_3' title="bbox 167 905 1420 998; baseline 0.004 -28"><span class='ocrx_word' id='word_1_14' title='bbox 167 923 204 972; x_wconf 90' lang='lat' dir='ltr'>ro</span> <span class='ocrx_word' id='word_1_15' title='bbox 230 909 318 974; x_wconf 87' lang='lat' dir='ltr'>niam</span> <span class='ocrx_word' id='word_1_16' title='bbox 336 929 446 976; x_wconf 87' lang='lat' dir='ltr'>secum</span> <span class='ocrx_word' id='word_1_17' title='bbox 466 907 597 996; x_wconf 85' lang='lat' dir='ltr'>partitus</span> <span class='ocrx_word' id='word_1_18' title='bbox 616 927 674 976; x_wconf 88' lang='lat' dir='ltr'>est.</span> <span class='ocrx_word' id='word_1_19' title='bbox 721 905 837 976; x_wconf 88' lang='lat' dir='ltr'>deinde</span> <span class='ocrx_word' id='word_1_20' title='bbox 861 909 1015 976; x_wconf 88' lang='lat' dir='ltr'>Pisanum</span> <span class='ocrx_word' id='word_1_21' title='bbox 1038 929 1074 976; x_wconf 90' lang='lat' dir='ltr'>ac</span> <span class='ocrx_word' id='word_1_22' title='bbox 1094 909 1286 976; x_wconf 88' lang='lat' dir='ltr'>lanuensem</span> <span class='ocrx_word' id='word_1_23' title='bbox 1309 927 1420 998; x_wconf 89' lang='lat' dir='ltr'>portus</span> 
     </span>
     <span class='ocr_line' id='line_1_4' title="bbox 231 1021 1422 1112; baseline 0 -22"><span class='ocrx_word' id='word_1_24' title='bbox 231 1041 370 1092; x_wconf 78' lang='lat' dir='ltr'>armatae</span> <span class='ocrx_word' id='word_1_25' title='bbox 393 1021 499 1092; x_wconf 86' lang='lat' dir='ltr'>classis</span> <span class='ocrx_word' id='word_1_26' title='bbox 522 1021 634 1112; x_wconf 91' lang='lat' dir='ltr'>plenos</span> <span class='ocrx_word' id='word_1_27' title='bbox 658 1043 726 1090; x_wconf 90' lang='lat' dir='ltr'>esse</span> <span class='ocrx_word' id='word_1_28' title='bbox 754 1021 850 1092; x_wconf 90' lang='lat' dir='ltr'>iubet.</span> <span class='ocrx_word' id='word_1_29' title='bbox 896 1023 1032 1091; x_wconf 86' lang='lat' dir='ltr'>nuncios</span> <span class='ocrx_word' id='word_1_30' title='bbox 1052 1022 1083 1090; x_wconf 90' lang='lat' dir='ltr'>in</span> <span class='ocrx_word' id='word_1_31' title='bbox 1106 1023 1309 1092; x_wconf 82' lang='lat' dir='ltr'>Alamaniam</span> <span class='ocrx_word' id='word_1_32' title='bbox 1334 1023 1422 1090; x_wconf 88' lang='lat' dir='ltr'>misit</span> 
     </span>
     <span class='ocr_line' id='line_1_5' title="bbox 230 1137 1421 1230; baseline 0.002 -24"><span class='ocrx_word' id='word_1_33' title='bbox 230 1139 270 1208; x_wconf 90' lang='lat' dir='ltr'>ad</span> <span class='ocrx_word' id='word_1_34' title='bbox 293 1137 485 1208; x_wconf 81' lang='lat' dir='ltr'>feudatarius</span> <span class='ocrx_word' id='word_1_35' title='bbox 513 1159 709 1230; x_wconf 87' lang='lat' dir='ltr'>cunctosque</span> <span class='ocrx_word' id='word_1_36' title='bbox 729 1137 839 1208; x_wconf 90' lang='lat' dir='ltr'>fideles</span> <span class='ocrx_word' id='word_1_37' title='bbox 862 1162 949 1220; x_wconf 91' lang='lat' dir='ltr'>suos,</span> <span class='ocrx_word' id='word_1_38' title='bbox 967 1137 1069 1206; x_wconf 89' lang='lat' dir='ltr'>lilium</span> <span class='ocrx_word' id='word_1_39' title='bbox 1092 1159 1221 1228; x_wconf 91' lang='lat' dir='ltr'>quoque</span> <span class='ocrx_word' id='word_1_40' title='bbox 1247 1140 1421 1208; x_wconf 84' lang='lat' dir='ltr'>Bohemiae</span> 
     </span>
     <span class='ocr_line' id='line_1_6' title="bbox 230 1254 1422 1346; baseline 0.002 -24"><span class='ocrx_word' id='word_1_41' title='bbox 230 1277 340 1342; x_wconf 84' lang='lat' dir='ltr'>regem</span> <span class='ocrx_word' id='word_1_42' title='bbox 356 1254 527 1336; x_wconf 78' lang='lat' dir='ltr'>solicitatis,</span> <span class='ocrx_word' id='word_1_43' title='bbox 543 1273 577 1324; x_wconf 90' lang='lat' dir='ltr'>ut</span> <span class='ocrx_word' id='word_1_44' title='bbox 592 1256 697 1324; x_wconf 88' lang='lat' dir='ltr'>accitis</span> <span class='ocrx_word' id='word_1_45' title='bbox 713 1255 854 1346; x_wconf 89' lang='lat' dir='ltr'>undique</span> <span class='ocrx_word' id='word_1_46' title='bbox 870 1255 1030 1344; x_wconf 85' lang='lat' dir='ltr'>gentibus,</span> <span class='ocrx_word' id='word_1_47' title='bbox 1045 1279 1107 1323; x_wconf 91' lang='lat' dir='ltr'>una</span> <span class='ocrx_word' id='word_1_48' title='bbox 1122 1256 1155 1323; x_wconf 91' lang='lat' dir='ltr'>in</span> <span class='ocrx_word' id='word_1_49' title='bbox 1172 1255 1295 1324; x_wconf 88' lang='lat' dir='ltr'>ltaliam</span> <span class='ocrx_word' id='word_1_50' title='bbox 1309 1257 1317 1331; x_wconf 92' lang='lat' dir='ltr'>l</span> <span class='ocrx_word' id='word_1_51' title='bbox 1333 1257 1372 1326; x_wconf 89' lang='lat' dir='ltr'>ad</span> <span class='ocrx_word' id='word_1_52' title='bbox 1388 1279 1422 1324; x_wconf 92' lang='lat' dir='ltr'>se</span> 
     </span>
     <span class='ocr_line' id='line_1_7' title="bbox 230 1368 1424 1460; baseline 0.002 -22"><span class='ocrx_word' id='word_1_53' title='bbox 230 1368 347 1438; x_wconf 85' lang='lat' dir='ltr'>celeres</span> <span class='ocrx_word' id='word_1_54' title='bbox 371 1372 482 1438; x_wconf 84' lang='lat' dir='ltr'>armati</span> <span class='ocrx_word' id='word_1_55' title='bbox 503 1373 640 1440; x_wconf 85' lang='lat' dir='ltr'>veniant.</span> <span class='ocrx_word' id='word_1_56' title='bbox 688 1371 810 1440; x_wconf 89' lang='lat' dir='ltr'>amicos</span> <span class='ocrx_word' id='word_1_57' title='bbox 828 1391 921 1460; x_wconf 90' lang='lat' dir='ltr'>atque</span> <span class='ocrx_word' id='word_1_58' title='bbox 942 1369 1065 1440; x_wconf 91' lang='lat' dir='ltr'>deditos</span> <span class='ocrx_word' id='word_1_59' title='bbox 1089 1369 1229 1460; x_wconf 89' lang='lat' dir='ltr'>undique</span> <span class='ocrx_word' id='word_1_60' title='bbox 1247 1393 1303 1460; x_wconf 90' lang='lat' dir='ltr'>per</span> <span class='ocrx_word' id='word_1_61' title='bbox 1327 1373 1424 1440; x_wconf 89' lang='lat' dir='ltr'>Lom-</span> 
     </span>
     <span class='ocr_line' id='line_1_8' title="bbox 165 1483 1422 1574; baseline 0.002 -22"><span class='ocrx_word' id='word_1_62' title='bbox 165 1499 200 1566; x_wconf 83' lang='lat'>15</span> <span class='ocrx_word' id='word_1_63' title='bbox 231 1483 371 1553; x_wconf 85' lang='lat' dir='ltr'>bardiam</span> <span class='ocrx_word' id='word_1_64' title='bbox 402 1485 557 1552; x_wconf 79' lang='lat' dir='ltr'>suscitans</span> <span class='ocrx_word' id='word_1_65' title='bbox 591 1485 688 1553; x_wconf 90' lang='lat' dir='ltr'>literis</span> <span class='ocrx_word' id='word_1_66' title='bbox 713 1501 806 1574; x_wconf 89' lang='lat' dir='ltr'>atque</span> <span class='ocrx_word' id='word_1_67' title='bbox 841 1487 978 1567; x_wconf 91' lang='lat' dir='ltr'>nunciis,</span> <span class='ocrx_word' id='word_1_68' title='bbox 1002 1505 1036 1553; x_wconf 92' lang='lat' dir='ltr'>ut</span> <span class='ocrx_word' id='word_1_69' title='bbox 1067 1487 1210 1574; x_wconf 91' lang='lat' dir='ltr'>equitum</span> <span class='ocrx_word' id='word_1_70' title='bbox 1246 1484 1422 1554; x_wconf 88' lang='lat' dir='ltr'>subsidium</span> 
     </span>
     <span class='ocr_line' id='line_1_9' title="bbox 231 1599 1423 1689; baseline 0 -23"><span class='ocrx_word' id='word_1_71' title='bbox 231 1599 322 1666; x_wconf 88' lang='lat' dir='ltr'>omni</span> <span class='ocrx_word' id='word_1_72' title='bbox 341 1601 511 1668; x_wconf 89' lang='lat' dir='ltr'>conamine</span> <span class='ocrx_word' id='word_1_73' title='bbox 534 1599 625 1668; x_wconf 87' lang='lat' dir='ltr'>citius</span> <span class='ocrx_word' id='word_1_74' title='bbox 648 1599 749 1670; x_wconf 88' lang='lat' dir='ltr'>serant</span> <span class='ocrx_word' id='word_1_75' title='bbox 772 1601 842 1682; x_wconf 90' lang='lat' dir='ltr'>sibi,</span> <span class='ocrx_word' id='word_1_76' title='bbox 866 1599 1069 1669; x_wconf 88' lang='lat' dir='ltr'>Fredericum</span> <span class='ocrx_word' id='word_1_77' title='bbox 1088 1599 1214 1668; x_wconf 80' lang='lat' dir='ltr'>Siciliae</span> <span class='ocrx_word' id='word_1_78' title='bbox 1233 1623 1343 1689; x_wconf 88' lang='lat' dir='ltr'>regern</span> <span class='ocrx_word' id='word_1_79' title='bbox 1371 1621 1423 1666; x_wconf 90' lang='lat' dir='ltr'>so·</span> 
     </span>
     <span class='ocr_line' id='line_1_10' title="bbox 231 1712 1423 1804; baseline 0 -22"><span class='ocrx_word' id='word_1_80' title='bbox 231 1715 337 1797; x_wconf 88' lang='lat' dir='ltr'>licitat,</span> <span class='ocrx_word' id='word_1_81' title='bbox 356 1712 539 1804; x_wconf 86' lang='lat' dir='ltr'>significans</span> <span class='ocrx_word' id='word_1_82' title='bbox 565 1717 725 1784; x_wconf 90' lang='lat' dir='ltr'>intentum</span> <span class='ocrx_word' id='word_1_83' title='bbox 747 1739 853 1796; x_wconf 89' lang='lat' dir='ltr'>suum,</span> <span class='ocrx_word' id='word_1_84' title='bbox 874 1735 908 1784; x_wconf 93' lang='lat' dir='ltr'>ut</span> <span class='ocrx_word' id='word_1_85' title='bbox 931 1735 1069 1784; x_wconf 76' lang='lat' dir='ltr'>armatae</span> <span class='ocrx_word' id='word_1_86' title='bbox 1094 1715 1201 1784; x_wconf 86' lang='lat' dir='ltr'>classis</span> <span class='ocrx_word' id='word_1_87' title='bbox 1224 1737 1260 1789; x_wconf 84' lang='lat' dir='ltr'>ac</span> <span class='ocrx_word' id='word_1_88' title='bbox 1285 1715 1423 1784; x_wconf 89' lang='lat' dir='ltr'>militum</span> 
     </span>
     <span class='ocr_line' id='line_1_11' title="bbox 231 1829 1424 1922; baseline 0.002 -24"><span class='ocrx_word' id='word_1_89' title='bbox 231 1831 366 1898; x_wconf 87' lang='lat' dir='ltr'>celerem</span> <span class='ocrx_word' id='word_1_90' title='bbox 386 1829 479 1899; x_wconf 86' lang='lat' dir='ltr'>saciat</span> <span class='ocrx_word' id='word_1_91' title='bbox 510 1851 708 1922; x_wconf 83' lang='lat' dir='ltr'>apparatum,</span> <span class='ocrx_word' id='word_1_92' title='bbox 726 1851 761 1900; x_wconf 90' lang='lat' dir='ltr'>ut</span> <span class='ocrx_word' id='word_1_93' title='bbox 783 1854 864 1921; x_wconf 86' lang='lat' dir='ltr'>quae</span> <span class='ocrx_word' id='word_1_94' title='bbox 885 1830 965 1900; x_wconf 85' lang='lat' dir='ltr'>intra</span> <span class='ocrx_word' id='word_1_95' title='bbox 988 1855 1022 1898; x_wconf 90' lang='lat' dir='ltr'>se</span> <span class='ocrx_word' id='word_1_96' title='bbox 1045 1830 1176 1900; x_wconf 89' lang='lat' dir='ltr'>consilia</span> <span class='ocrx_word' id='word_1_97' title='bbox 1200 1847 1424 1920; x_wconf 86' lang='lat' dir='ltr'>conceperant,</span> 
     </span>
     <span class='ocr_line' id='line_1_12' title="bbox 230 1945 1422 2037; baseline 0 -23"><span class='ocrx_word' id='word_1_98' title='bbox 230 1963 437 2034; x_wconf 85' lang='lat' dir='ltr'>exequantur.</span> <span class='ocrx_word' id='word_1_99' title='bbox 483 1968 558 2016; x_wconf 88' lang='lat' dir='ltr'>nam</span> <span class='ocrx_word' id='word_1_100' title='bbox 579 1949 700 2016; x_wconf 88' lang='lat' dir='ltr'>cunctis</span> <span class='ocrx_word' id='word_1_101' title='bbox 720 1947 838 2016; x_wconf 86' lang='lat' dir='ltr'>viribus</span> <span class='ocrx_word' id='word_1_102' title='bbox 856 1966 937 2015; x_wconf 91' lang='lat' dir='ltr'>terra</span> <span class='ocrx_word' id='word_1_103' title='bbox 956 1948 1099 2037; x_wconf 85' lang='lat' dir='ltr'>marique</span> <span class='ocrx_word' id='word_1_104' title='bbox 1115 1969 1225 2036; x_wconf 85' lang='lat' dir='ltr'>regem</span> <span class='ocrx_word' id='word_1_105' title='bbox 1246 1945 1422 2018; x_wconf 86' lang='lat' dir='ltr'>Robertunr</span> 
     </span>
     <span class='ocr_line' id='line_1_13' title="bbox 161 2059 1424 2152; baseline 0.002 -24"><span class='ocrx_word' id='word_1_106' title='bbox 161 2071 204 2120; x_wconf 87' lang='lat'>20</span> <span class='ocrx_word' id='word_1_107' title='bbox 230 2059 360 2150; x_wconf 82' lang='lat' dir='ltr'>aggredi</span> <span class='ocrx_word' id='word_1_108' title='bbox 376 2059 589 2151; x_wconf 77' lang='lat' dir='ltr'>Apuliamque</span> <span class='ocrx_word' id='word_1_109' title='bbox 606 2061 761 2132; x_wconf 87' lang='lat' dir='ltr'>hostiliter</span> <span class='ocrx_word' id='word_1_110' title='bbox 776 2083 931 2152; x_wconf 87' lang='lat' dir='ltr'>occupare</span> <span class='ocrx_word' id='word_1_111' title='bbox 947 2061 1163 2132; x_wconf 87' lang='lat' dir='ltr'>decreverant.</span> <span class='ocrx_word' id='word_1_112' title='bbox 1211 2063 1316 2152; x_wconf 88' lang='lat' dir='ltr'>ipsum</span> <span class='ocrx_word' id='word_1_113' title='bbox 1333 2085 1424 2131; x_wconf 90' lang='lat' dir='ltr'>nam·</span> 
     </span>
     <span class='ocr_line' id='line_1_14' title="bbox 229 2175 1424 2268; baseline 0.001 -25"><span class='ocrx_word' id='word_1_114' title='bbox 229 2198 292 2266; x_wconf 92' lang='lat' dir='ltr'>que</span> <span class='ocrx_word' id='word_1_115' title='bbox 315 2175 504 2258; x_wconf 89' lang='lat' dir='ltr'>Robertum,</span> <span class='ocrx_word' id='word_1_116' title='bbox 523 2179 706 2268; x_wconf 88' lang='lat' dir='ltr'>priusquam</span> <span class='ocrx_word' id='word_1_117' title='bbox 727 2177 901 2248; x_wconf 86' lang='lat' dir='ltr'>discederet</span> <span class='ocrx_word' id='word_1_118' title='bbox 918 2179 1007 2260; x_wconf 88' lang='lat' dir='ltr'>Pisis,</span> <span class='ocrx_word' id='word_1_119' title='bbox 1032 2179 1122 2246; x_wconf 89' lang='lat' dir='ltr'>omni</span> <span class='ocrx_word' id='word_1_120' title='bbox 1145 2199 1247 2266; x_wconf 84' lang='lat' dir='ltr'>regno</span> <span class='ocrx_word' id='word_1_121' title='bbox 1270 2179 1424 2267; x_wconf 86' lang='lat' dir='ltr'>omnique</span> 
     </span>
     <span class='ocr_line' id='line_1_15' title="bbox 229 2291 1424 2384; baseline 0.003 -26"><span class='ocrx_word' id='word_1_122' title='bbox 229 2293 296 2362; x_wconf 90' lang='lat' dir='ltr'>iure</span> <span class='ocrx_word' id='word_1_123' title='bbox 308 2309 402 2382; x_wconf 90' lang='lat' dir='ltr'>atque</span> <span class='ocrx_word' id='word_1_124' title='bbox 414 2291 582 2382; x_wconf 81' lang='lat' dir='ltr'>privilegio</span> <span class='ocrx_word' id='word_1_125' title='bbox 597 2293 728 2364; x_wconf 89' lang='lat' dir='ltr'>honoris</span> <span class='ocrx_word' id='word_1_126' title='bbox 744 2315 776 2364; x_wconf 90' lang='lat' dir='ltr'>et</span> <span class='ocrx_word' id='word_1_127' title='bbox 795 2294 956 2384; x_wconf 85' lang='lat' dir='ltr'>dignitatis</span> <span class='ocrx_word' id='word_1_128' title='bbox 979 2295 1105 2384; x_wconf 89' lang='lat' dir='ltr'>privans</span> <span class='ocrx_word' id='word_1_129' title='bbox 1120 2295 1166 2374; x_wconf 63' lang='grc' dir='ltr'>θ),</span> <span class='ocrx_word' id='word_1_130' title='bbox 1193 2313 1302 2362; x_wconf 90' lang='lat' dir='ltr'>contra</span> <span class='ocrx_word' id='word_1_131' title='bbox 1319 2293 1424 2383; x_wconf 88' lang='lat' dir='ltr'>ipsum</span> 
     </span>
     <span class='ocr_line' id='line_1_16' title="bbox 230 2407 1425 2500; baseline 0.002 -24"><span class='ocrx_word' id='word_1_132' title='bbox 230 2407 317 2478; x_wconf 90' lang='lat' dir='ltr'>velut</span> <span class='ocrx_word' id='word_1_133' title='bbox 334 2407 486 2478; x_wconf 87' lang='lat' dir='ltr'>rebellem</span> <span class='ocrx_word' id='word_1_134' title='bbox 502 2427 533 2478; x_wconf 92' lang='lat' dir='ltr'>et</span> <span class='ocrx_word' id='word_1_135' title='bbox 551 2409 748 2498; x_wconf 87' lang='lat' dir='ltr'>proditorem</span> <span class='ocrx_word' id='word_1_136' title='bbox 773 2410 894 2500; x_wconf 89' lang='lat' dir='ltr'>imperii</span> <span class='ocrx_word' id='word_1_137' title='bbox 914 2409 1046 2478; x_wconf 82' lang='lat' dir='ltr'>extremi</span> <span class='ocrx_word' id='word_1_138' title='bbox 1065 2409 1209 2500; x_wconf 87' lang='lat' dir='ltr'>supplicii</span> <span class='ocrx_word' id='word_1_139' title='bbox 1233 2410 1425 2478; x_wconf 86' lang='lat' dir='ltr'>sententiam</span> 
     </span>
    </p>
   </div>
   <div class='ocr_carea' id='block_1_3' title="bbox 227 2602 1426 4937">
    <p class='ocr_par' dir='ltr' id='par_1_3' title="bbox 228 2602 1426 4354">
     <span class='ocr_line' id='line_1_17' title="bbox 264 2602 1424 2680; baseline -0.001 -21"><span class='ocrx_word' id='word_1_140' title='bbox 264 2603 308 2676; x_wconf 86' lang='lat' dir='ltr'>(r)</span> <span class='ocrx_word' id='word_1_141' title='bbox 327 2603 425 2660; x_wconf 86' lang='lat' dir='ltr'>Presso</span> <span class='ocrx_word' id='word_1_142' title='bbox 440 2603 607 2676; x_wconf 77' lang='lat' dir='ltr'>Poggibonsi</span> <span class='ocrx_word' id='word_1_143' title='bbox 622 2603 642 2660; x_wconf 93' lang='lat' dir='ltr'>il</span> <span class='ocrx_word' id='word_1_144' title='bbox 657 2621 756 2680; x_wconf 89' lang='lat' dir='ltr'>campo</span> <span class='ocrx_word' id='word_1_145' title='bbox 770 2607 803 2660; x_wconf 85' lang='lat' dir='ltr'>ri·</span> <span class='ocrx_word' id='word_1_146' title='bbox 850 2603 1019 2660; x_wconf 70' lang='lat' dir='ltr'>«Baudoino</span> <span class='ocrx_word' id='word_1_147' title='bbox 1032 2603 1241 2676; x_wconf 87' lang='lat' dir='ltr'>archiepiscopo</span> <span class='ocrx_word' id='word_1_148' title='bbox 1256 2602 1424 2670; x_wconf 79' lang='lat' dir='ltr'>Triverensi,</span> 
     </span>
     <span class='ocr_line' id='line_1_18' title="bbox 230 2685 1426 2760; baseline -0.002 -16"><span class='ocrx_word' id='word_1_149' title='bbox 230 2705 306 2744; x_wconf 84' lang='lat' dir='ltr'>mase</span> <span class='ocrx_word' id='word_1_150' title='bbox 324 2691 385 2744; x_wconf 90' lang='lat' dir='ltr'>sino</span> <span class='ocrx_word' id='word_1_151' title='bbox 404 2689 473 2744; x_wconf 76' lang='lat' dir='ltr'>all&#39;b</span> <span class='ocrx_word' id='word_1_152' title='bbox 501 2689 528 2744; x_wconf 90' lang='lat' dir='ltr'>di</span> <span class='ocrx_word' id='word_1_153' title='bbox 556 2707 658 2744; x_wconf 79' lang='lat' dir='ltr'>marzo.</span> <span class='ocrx_word' id='word_1_154' title='bbox 695 2689 735 2744; x_wconf 86' lang='lat' dir='ltr'>La</span> <span class='ocrx_word' id='word_1_155' title='bbox 759 2689 802 2744; x_wconf 85' lang='lat' dir='ltr'>via</span> <span class='ocrx_word' id='word_1_156' title='bbox 849 2687 988 2742; x_wconf 75' lang='lat' dir='ltr'>«domino</span> <span class='ocrx_word' id='word_1_157' title='bbox 1013 2685 1134 2742; x_wconf 75' lang='lat' dir='ltr'>ilenrico</span> <span class='ocrx_word' id='word_1_158' title='bbox 1159 2689 1290 2760; x_wconf 86' lang='lat' dir='ltr'>episcopo</span> <span class='ocrx_word' id='word_1_159' title='bbox 1311 2687 1426 2742; x_wconf 86' lang='lat' dir='ltr'>Triden-</span> 
     </span>
     <span class='ocr_line' id='line_1_19' title="bbox 230 2771 1424 2846; baseline -0.002 -18"><span class='ocrx_word' id='word_1_160' title='bbox 230 2773 281 2828; x_wconf 87' lang='lat' dir='ltr'>che</span> <span class='ocrx_word' id='word_1_161' title='bbox 300 2785 381 2830; x_wconf 83' lang='lat' dir='ltr'>tenne</span> <span class='ocrx_word' id='word_1_162' title='bbox 400 2773 587 2846; x_wconf 86' lang='lat' dir='ltr'>l&#39;imperatore</span> <span class='ocrx_word' id='word_1_163' title='bbox 606 2789 653 2846; x_wconf 86' lang='lat' dir='ltr'>per</span> <span class='ocrx_word' id='word_1_164' title='bbox 672 2777 803 2830; x_wconf 70' lang='lat' dir='ltr'>recursis</span> <span class='ocrx_word' id='word_1_165' title='bbox 849 2774 931 2826; x_wconf 74' lang='lat' dir='ltr'>«tino</span> <span class='ocrx_word' id='word_1_166' title='bbox 965 2771 1128 2826; x_wconf 84' lang='lat' dir='ltr'>cancellario</span> <span class='ocrx_word' id='word_1_167' title='bbox 1162 2771 1284 2826; x_wconf 87' lang='lat' dir='ltr'>eiusdem</span> <span class='ocrx_word' id='word_1_168' title='bbox 1318 2771 1424 2826; x_wconf 87' lang='lat' dir='ltr'>domini</span> 
     </span>
     <span class='ocr_line' id='line_1_20' title="bbox 231 2857 1425 2928; baseline 0 -18"><span class='ocrx_word' id='word_1_169' title='bbox 231 2857 292 2912; x_wconf 81' lang='lat' dir='ltr'>Pisa</span> <span class='ocrx_word' id='word_1_170' title='bbox 302 2857 592 2913; x_wconf 65' lang='lat' dir='ltr'>cliconcorlemente</span> <span class='ocrx_word' id='word_1_171' title='bbox 602 2859 719 2914; x_wconf 87' lang='lat' dir='ltr'>indicata</span> <span class='ocrx_word' id='word_1_172' title='bbox 731 2857 803 2912; x_wconf 86' lang='lat' dir='ltr'>dalle</span> <span class='ocrx_word' id='word_1_173' title='bbox 850 2857 1056 2928; x_wconf 75' lang='lat' dir='ltr'>«imperatoris,</span> <span class='ocrx_word' id='word_1_174' title='bbox 1080 2857 1194 2910; x_wconf 89' lang='lat' dir='ltr'>domino</span> <span class='ocrx_word' id='word_1_175' title='bbox 1223 2857 1349 2910; x_wconf 78' lang='lat' dir='ltr'>Amadeo</span> <span class='ocrx_word' id='word_1_176' title='bbox 1381 2873 1425 2910; x_wconf 87' lang='lat' dir='ltr'>co·</span> 
     </span>
     <span class='ocr_line' id='line_1_21' title="bbox 230 2939 1425 3014; baseline 0 -20"><span class='ocrx_word' id='word_1_177' title='bbox 230 2939 552 3014; x_wconf 77' lang='lat' dir='ltr'>sonticontetuporanee.</span> <span class='ocrx_word' id='word_1_178' title='bbox 587 2940 718 2998; x_wconf 74' lang='lat' dir='ltr'>ChGestu</span> <span class='ocrx_word' id='word_1_179' title='bbox 732 2941 803 2996; x_wconf 74' lang='lat' dir='ltr'>Ball.</span> <span class='ocrx_word' id='word_1_180' title='bbox 850 2961 862 2988; x_wconf 80' lang='lat' dir='ltr'>n</span> <span class='ocrx_word' id='word_1_181' title='bbox 876 2941 940 2994; x_wconf 89' lang='lat' dir='ltr'>mite</span> <span class='ocrx_word' id='word_1_182' title='bbox 961 2940 1122 3007; x_wconf 71' lang='lat' dir='ltr'>Sabauliae,</span> <span class='ocrx_word' id='word_1_183' title='bbox 1141 2939 1255 2994; x_wconf 87' lang='lat' dir='ltr'>domino</span> <span class='ocrx_word' id='word_1_184' title='bbox 1277 2939 1357 2994; x_wconf 78' lang='lat' dir='ltr'>fratre</span> <span class='ocrx_word' id='word_1_185' title='bbox 1380 2939 1425 2994; x_wconf 88' lang='lat' dir='ltr'>Ni·</span> 
     </span>
     <span class='ocr_line' id='line_1_22' title="bbox 235 3021 1424 3094; baseline -0.002 -16"><span class='ocrx_word' id='word_1_186' title='bbox 235 3025 309 3079; x_wconf 80' lang='lat' dir='ltr'>lieu.</span> <span class='ocrx_word' id='word_1_187' title='bbox 329 3023 346 3078; x_wconf 90' lang='lat' dir='ltr'>l.</span> <span class='ocrx_word' id='word_1_188' title='bbox 366 3041 405 3084; x_wconf 85' lang='lat' dir='ltr'>c.;</span> <span class='ocrx_word' id='word_1_189' title='bbox 425 3025 488 3081; x_wconf 78' lang='lat' dir='ltr'>Nrc.</span> <span class='ocrx_word' id='word_1_190' title='bbox 500 3025 617 3082; x_wconf 70' lang='lat' dir='ltr'>Bornl.</span> <span class='ocrx_word' id='word_1_191' title='bbox 631 3041 669 3090; x_wconf 91' lang='lat' dir='ltr'>c.;</span> <span class='ocrx_word' id='word_1_192' title='bbox 689 3026 724 3080; x_wconf 89' lang='lat' dir='ltr'>G.</span> <span class='ocrx_word' id='word_1_193' title='bbox 740 3027 804 3080; x_wconf 83' lang='lat' dir='ltr'>Vu-</span> <span class='ocrx_word' id='word_1_194' title='bbox 852 3023 1117 3094; x_wconf 71' lang='lat' dir='ltr'>echolaoepiscopo</span> <span class='ocrx_word' id='word_1_195' title='bbox 1129 3021 1424 3088; x_wconf 82' lang='lat' dir='ltr'>Botrontino,domino</span> 
     </span>
     <span class='ocr_line' id='line_1_23' title="bbox 232 3107 1425 3174; baseline 0 -12"><span class='ocrx_word' id='word_1_196' title='bbox 232 3123 308 3172; x_wconf 75' lang='lat' dir='ltr'>taut,</span> <span class='ocrx_word' id='word_1_197' title='bbox 327 3109 373 3172; x_wconf 83' lang='lat' dir='ltr'>tx,</span> <span class='ocrx_word' id='word_1_198' title='bbox 394 3125 499 3166; x_wconf 68' lang='lat' dir='ltr'>tatur:</span> <span class='ocrx_word' id='word_1_199' title='bbox 528 3109 651 3166; x_wconf 76' lang='lat' dir='ltr'>«Toron</span> <span class='ocrx_word' id='word_1_200' title='bbox 672 3127 687 3164; x_wconf 86' lang='lat' dir='ltr'>a</span> <span class='ocrx_word' id='word_1_201' title='bbox 707 3111 802 3166; x_wconf 83' lang='lat' dir='ltr'>Pisas</span> <span class='ocrx_word' id='word_1_202' title='bbox 851 3108 996 3164; x_wconf 72' lang='lat' dir='ltr'>«Heorico</span> <span class='ocrx_word' id='word_1_203' title='bbox 1036 3109 1068 3162; x_wconf 88' lang='lat' dir='ltr'>de</span> <span class='ocrx_word' id='word_1_204' title='bbox 1099 3107 1224 3163; x_wconf 83' lang='lat' dir='ltr'>Flaodria</span> <span class='ocrx_word' id='word_1_205' title='bbox 1253 3107 1425 3174; x_wconf 84' lang='lat' dir='ltr'>mariscalco,</span> 
     </span>
     <span class='ocr_line' id='line_1_24' title="bbox 230 3190 1424 3266; baseline 0.004 -26"><span class='ocrx_word' id='word_1_206' title='bbox 230 3193 463 3264; x_wconf 69' lang='lat' dir='ltr'>«rl&#39;r9dimarzo</span> <span class='ocrx_word' id='word_1_207' title='bbox 486 3193 804 3266; x_wconf 77' lang='lat' dir='ltr'>1312[s.fior.](1&#39;im-</span> <span class='ocrx_word' id='word_1_208' title='bbox 849 3191 988 3246; x_wconf 72' lang='lat' dir='ltr'>eclomino</span> <span class='ocrx_word' id='word_1_209' title='bbox 1018 3192 1111 3264; x_wconf 72' lang='lat' dir='ltr'>hymn</span> <span class='ocrx_word' id='word_1_210' title='bbox 1139 3193 1172 3245; x_wconf 84' lang='lat' dir='ltr'>de</span> <span class='ocrx_word' id='word_1_211' title='bbox 1206 3190 1310 3246; x_wconf 86' lang='lat' dir='ltr'>Blanco</span> <span class='ocrx_word' id='word_1_212' title='bbox 1337 3191 1424 3246; x_wconf 86' lang='lat' dir='ltr'>Marte</span> 
     </span>
     <span class='ocr_line' id='line_1_25' title="bbox 230 3275 1426 3350; baseline -0.001 -19"><span class='ocrx_word' id='word_1_213' title='bbox 230 3299 243 3326; x_wconf 75' lang='grc' dir='ltr'><strong>α</strong></span> <span class='ocrx_word' id='word_1_214' title='bbox 254 3279 392 3350; x_wconf 87' lang='lat' dir='ltr'>peratore)</span> <span class='ocrx_word' id='word_1_215' title='bbox 402 3278 472 3332; x_wconf 79' lang='lat' dir='ltr'>assai</span> <span class='ocrx_word' id='word_1_216' title='bbox 483 3279 509 3332; x_wconf 84' lang='lat' dir='ltr'>in</span> <span class='ocrx_word' id='word_1_217' title='bbox 527 3280 598 3332; x_wconf 81' lang='lat' dir='ltr'>rnnle</span> <span class='ocrx_word' id='word_1_218' title='bbox 614 3293 684 3333; x_wconf 80' lang='lat' dir='ltr'>stato</span> <span class='ocrx_word' id='word_1_219' title='bbox 701 3279 727 3332; x_wconf 86' lang='lat' dir='ltr'>di</span> <span class='ocrx_word' id='word_1_220' title='bbox 743 3283 772 3333; x_wconf 79' lang='lat' dir='ltr'>se</span> <span class='ocrx_word' id='word_1_221' title='bbox 787 3297 802 3332; x_wconf 90' lang='lat' dir='ltr'>e</span> <span class='ocrx_word' id='word_1_222' title='bbox 850 3275 922 3347; x_wconf 78' lang='lat' dir='ltr'>s(cl.</span> <span class='ocrx_word' id='word_1_223' title='bbox 942 3289 1006 3330; x_wconf 81' lang='lat' dir='ltr'>nota</span> <span class='ocrx_word' id='word_1_224' title='bbox 1026 3290 1051 3340; x_wconf 86' lang='lat'>2,</span> <span class='ocrx_word' id='word_1_225' title='bbox 1073 3293 1098 3348; x_wconf 91' lang='lat' dir='ltr'>p.</span> <span class='ocrx_word' id='word_1_226' title='bbox 1128 3275 1198 3344; x_wconf 86' lang='lat'>116),</span> <span class='ocrx_word' id='word_1_227' title='bbox 1214 3275 1329 3330; x_wconf 89' lang='lat' dir='ltr'>domino</span> <span class='ocrx_word' id='word_1_228' title='bbox 1350 3275 1426 3330; x_wconf 91' lang='lat' dir='ltr'>Tho·</span> 
     </span>
     <span class='ocr_line' id='line_1_26' title="bbox 230 3359 1425 3432; baseline 0.005 -24"><span class='ocrx_word' id='word_1_229' title='bbox 230 3360 281 3412; x_wconf 70' lang='lat' dir='ltr'>adi</span> <span class='ocrx_word' id='word_1_230' title='bbox 295 3377 342 3414; x_wconf 91' lang='lat' dir='ltr'>sue</span> <span class='ocrx_word' id='word_1_231' title='bbox 352 3363 425 3430; x_wconf 81' lang='lat' dir='ltr'>genti</span> <span class='ocrx_word' id='word_1_232' title='bbox 437 3383 461 3416; x_wconf 83' lang='grc' dir='ltr'>ι.</span> <span class='ocrx_word' id='word_1_233' title='bbox 495 3361 587 3416; x_wconf 78' lang='lat' dir='ltr'>«Post</span> <span class='ocrx_word' id='word_1_234' title='bbox 602 3361 653 3416; x_wconf 89' lang='lat' dir='ltr'>hec</span> <span class='ocrx_word' id='word_1_235' title='bbox 670 3363 712 3415; x_wconf 86' lang='lat' dir='ltr'>die</span> <span class='ocrx_word' id='word_1_236' title='bbox 726 3363 802 3427; x_wconf 86' lang='lat' dir='ltr'>iovis,</span> <span class='ocrx_word' id='word_1_237' title='bbox 849 3377 921 3414; x_wconf 79' lang='lat' dir='ltr'>tnta</span> <span class='ocrx_word' id='word_1_238' title='bbox 963 3361 995 3412; x_wconf 87' lang='lat' dir='ltr'>de</span> <span class='ocrx_word' id='word_1_239' title='bbox 1030 3359 1281 3432; x_wconf 74' lang='lat' dir='ltr'>septemfontibus,</span> <span class='ocrx_word' id='word_1_240' title='bbox 1309 3359 1425 3414; x_wconf 85' lang='lat' dir='ltr'>domino</span> 
     </span>
     <span class='ocr_line' id='line_1_27' title="bbox 230 3443 1425 3516; baseline 0.005 -24"><span class='ocrx_word' id='word_1_241' title='bbox 230 3467 243 3492; x_wconf 63' lang='lat' dir='ltr'><em>a</em></span> <span class='ocrx_word' id='word_1_242' title='bbox 255 3460 307 3516; x_wconf 89' lang='lat' dir='ltr'>que</span> <span class='ocrx_word' id='word_1_243' title='bbox 321 3443 370 3498; x_wconf 86' lang='lat' dir='ltr'>luit</span> <span class='ocrx_word' id='word_1_244' title='bbox 384 3457 481 3500; x_wconf 77' lang='lat' dir='ltr'>octava</span> <span class='ocrx_word' id='word_1_245' title='bbox 501 3447 602 3500; x_wconf 86' lang='lat' dir='ltr'>mensis</span> <span class='ocrx_word' id='word_1_246' title='bbox 617 3447 716 3512; x_wconf 86' lang='lat' dir='ltr'>martii,</span> <span class='ocrx_word' id='word_1_247' title='bbox 731 3463 804 3516; x_wconf 88' lang='lat' dir='ltr'>sepa·</span> <span class='ocrx_word' id='word_1_248' title='bbox 851 3444 988 3500; x_wconf 81' lang='lat' dir='ltr'>«Thoma</span> <span class='ocrx_word' id='word_1_249' title='bbox 1007 3444 1040 3498; x_wconf 94' lang='lat' dir='ltr'>de</span> <span class='ocrx_word' id='word_1_250' title='bbox 1061 3443 1217 3510; x_wconf 76' lang='lat' dir='ltr'>belvedere,</span> <span class='ocrx_word' id='word_1_251' title='bbox 1233 3443 1347 3498; x_wconf 87' lang='lat' dir='ltr'>domino</span> <span class='ocrx_word' id='word_1_252' title='bbox 1364 3443 1425 3516; x_wconf 77' lang='lat' dir='ltr'>Egi·</span> 
     </span>
     <span class='ocr_line' id='line_1_28' title="bbox 230 3517 1425 3598; baseline 0.007 -24"><span class='ocrx_word' id='word_1_253' title='bbox 230 3525 804 3598; x_wconf 73' lang='lat' dir='ltr'>«ravitsecumgentesotadictoloc03</span> <span class='ocrx_word' id='word_1_254' title='bbox 852 3529 921 3582; x_wconf 84' lang='lat' dir='ltr'>edio</span> <span class='ocrx_word' id='word_1_255' title='bbox 952 3527 1121 3582; x_wconf 82' lang='lat' dir='ltr'>thesaurario</span> <span class='ocrx_word' id='word_1_256' title='bbox 1155 3527 1278 3582; x_wconf 88' lang='lat' dir='ltr'>eiusdem</span> <span class='ocrx_word' id='word_1_257' title='bbox 1310 3517 1425 3594; x_wconf 72' lang='lat' dir='ltr'>domitii,</span> 
     </span>
     <span class='ocr_line' id='line_1_29' title="bbox 230 3609 1425 3684; baseline 0.002 -20"><span class='ocrx_word' id='word_1_258' title='bbox 230 3629 243 3656; x_wconf 79' lang='grc' dir='ltr'><strong>σ</strong></span> <span class='ocrx_word' id='word_1_259' title='bbox 255 3621 282 3664; x_wconf 84' lang='lat' dir='ltr'>et</span> <span class='ocrx_word' id='word_1_260' title='bbox 300 3609 348 3664; x_wconf 80' lang='lat' dir='ltr'>ivit</span> <span class='ocrx_word' id='word_1_261' title='bbox 367 3611 423 3682; x_wconf 79' lang='lat' dir='ltr'>ipsa</span> <span class='ocrx_word' id='word_1_262' title='bbox 443 3610 486 3664; x_wconf 88' lang='lat' dir='ltr'>die</span> <span class='ocrx_word' id='word_1_263' title='bbox 505 3627 591 3684; x_wconf 89' lang='lat' dir='ltr'>usque</span> <span class='ocrx_word' id='word_1_264' title='bbox 606 3611 640 3666; x_wconf 86' lang='lat' dir='ltr'>ad</span> <span class='ocrx_word' id='word_1_265' title='bbox 655 3625 756 3666; x_wconf 83' lang='lat' dir='ltr'>terram</span> <span class='ocrx_word' id='word_1_266' title='bbox 769 3611 802 3666; x_wconf 86' lang='lat' dir='ltr'>de</span> <span class='ocrx_word' id='word_1_267' title='bbox 851 3611 990 3666; x_wconf 81' lang='lat' dir='ltr'>ndomino</span> <span class='ocrx_word' id='word_1_268' title='bbox 1014 3609 1149 3666; x_wconf 74' lang='lat' dir='ltr'>balduino</span> <span class='ocrx_word' id='word_1_269' title='bbox 1168 3611 1201 3665; x_wconf 89' lang='lat' dir='ltr'>de</span> <span class='ocrx_word' id='word_1_270' title='bbox 1219 3611 1425 3678; x_wconf 88' lang='lat' dir='ltr'>Moncornetto,</span> 
     </span>
     <span class='ocr_line' id='line_1_30' title="bbox 230 3693 1425 3761; baseline 0.003 -14"><span class='ocrx_word' id='word_1_271' title='bbox 230 3715 243 3740; x_wconf 78' lang='grc' dir='ltr'>ι</span> <span class='ocrx_word' id='word_1_272' title='bbox 255 3693 375 3748; x_wconf 86' lang='lat' dir='ltr'>Peccioli</span> <span class='ocrx_word' id='word_1_273' title='bbox 391 3695 418 3748; x_wconf 92' lang='lat' dir='ltr'>in</span> <span class='ocrx_word' id='word_1_274' title='bbox 435 3695 556 3750; x_wconf 89' lang='lat' dir='ltr'>districtu</span> <span class='ocrx_word' id='word_1_275' title='bbox 569 3695 702 3761; x_wconf 87' lang='lat' dir='ltr'>Pisarunr,</span> <span class='ocrx_word' id='word_1_276' title='bbox 712 3707 740 3750; x_wconf 90' lang='lat' dir='ltr'>et</span> <span class='ocrx_word' id='word_1_277' title='bbox 750 3695 802 3750; x_wconf 85' lang='lat' dir='ltr'>alia</span> <span class='ocrx_word' id='word_1_278' title='bbox 849 3697 988 3750; x_wconf 73' lang='lat' dir='ltr'>«domino</span> <span class='ocrx_word' id='word_1_279' title='bbox 1001 3695 1124 3750; x_wconf 84' lang='lat' dir='ltr'>Iohanne</span> <span class='ocrx_word' id='word_1_280' title='bbox 1139 3695 1172 3750; x_wconf 85' lang='lat' dir='ltr'>cle</span> <span class='ocrx_word' id='word_1_281' title='bbox 1189 3696 1292 3750; x_wconf 85' lang='lat' dir='ltr'>Sancto</span> <span class='ocrx_word' id='word_1_282' title='bbox 1307 3695 1425 3750; x_wconf 83' lang='lat' dir='ltr'>Lauren·</span> 
     </span>
     <span class='ocr_line' id='line_1_31' title="bbox 231 3777 1426 3850; baseline 0.002 -18"><span class='ocrx_word' id='word_1_283' title='bbox 231 3779 298 3832; x_wconf 76' lang='lat' dir='ltr'>«die</span> <span class='ocrx_word' id='word_1_284' title='bbox 326 3780 450 3850; x_wconf 81' lang='lat' dir='ltr'>sequenti</span> <span class='ocrx_word' id='word_1_285' title='bbox 474 3779 522 3834; x_wconf 86' lang='lat' dir='ltr'>ivit</span> <span class='ocrx_word' id='word_1_286' title='bbox 550 3781 582 3834; x_wconf 86' lang='lat' dir='ltr'>ad</span> <span class='ocrx_word' id='word_1_287' title='bbox 620 3779 802 3834; x_wconf 81' lang='lat' dir='ltr'>Sanstvinum</span> <span class='ocrx_word' id='word_1_288' title='bbox 848 3781 921 3844; x_wconf 80' lang='lat' dir='ltr'>etio,</span> <span class='ocrx_word' id='word_1_289' title='bbox 950 3779 1063 3834; x_wconf 90' lang='lat' dir='ltr'>domino</span> <span class='ocrx_word' id='word_1_290' title='bbox 1088 3777 1211 3834; x_wconf 80' lang='lat' dir='ltr'>Ansaldo</span> <span class='ocrx_word' id='word_1_291' title='bbox 1239 3779 1272 3834; x_wconf 88' lang='lat' dir='ltr'>de</span> <span class='ocrx_word' id='word_1_292' title='bbox 1301 3779 1426 3834; x_wconf 90' lang='lat' dir='ltr'>Gondre·</span> 
     </span>
     <span class='ocr_line' id='line_1_32' title="bbox 229 3861 1424 3936; baseline 0.004 -22"><span class='ocrx_word' id='word_1_293' title='bbox 229 3877 338 3935; x_wconf 78' lang='lat' dir='ltr'>«prope</span> <span class='ocrx_word' id='word_1_294' title='bbox 364 3861 473 3917; x_wconf 82' lang='lat' dir='ltr'>civitate</span> <span class='ocrx_word' id='word_1_295' title='bbox 501 3863 633 3930; x_wconf 85' lang='lat' dir='ltr'>Pisarum,</span> <span class='ocrx_word' id='word_1_296' title='bbox 657 3877 684 3918; x_wconf 87' lang='lat' dir='ltr'>et</span> <span class='ocrx_word' id='word_1_297' title='bbox 707 3876 802 3935; x_wconf 85' lang='lat' dir='ltr'>postea</span> <span class='ocrx_word' id='word_1_298' title='bbox 849 3877 959 3930; x_wconf 73' lang='lat' dir='ltr'>«corte,</span> <span class='ocrx_word' id='word_1_299' title='bbox 971 3863 1137 3936; x_wconf 86' lang='lat' dir='ltr'>principibus</span> <span class='ocrx_word' id='word_1_300' title='bbox 1153 3863 1339 3918; x_wconf 88' lang='lat' dir='ltr'>etbaronibus</span> <span class='ocrx_word' id='word_1_301' title='bbox 1354 3865 1424 3920; x_wconf 87' lang='lat' dir='ltr'>eins·</span> 
     </span>
     <span class='ocr_line' id='line_1_33' title="bbox 229 3945 1423 4020; baseline 0.002 -20"><span class='ocrx_word' id='word_1_302' title='bbox 229 3947 362 4000; x_wconf 78' lang='lat' dir='ltr'>«intravit</span> <span class='ocrx_word' id='word_1_303' title='bbox 385 3946 461 4000; x_wconf 84' lang='lat' dir='ltr'>Pisas</span> <span class='ocrx_word' id='word_1_304' title='bbox 484 3945 567 4000; x_wconf 85' lang='lat' dir='ltr'>altera</span> <span class='ocrx_word' id='word_1_305' title='bbox 593 3947 636 4000; x_wconf 86' lang='lat' dir='ltr'>die</span> <span class='ocrx_word' id='word_1_306' title='bbox 664 3949 801 4018; x_wconf 87' lang='lat' dir='ltr'>sequenti:</span> <span class='ocrx_word' id='word_1_307' title='bbox 848 3949 937 4002; x_wconf 79' lang='lat' dir='ltr'>«dem</span> <span class='ocrx_word' id='word_1_308' title='bbox 956 3947 1061 4002; x_wconf 88' lang='lat' dir='ltr'>domini</span> <span class='ocrx_word' id='word_1_309' title='bbox 1081 3947 1261 4020; x_wconf 83' lang='lat' dir='ltr'>imperatoris,</span> <span class='ocrx_word' id='word_1_310' title='bbox 1276 3961 1303 4003; x_wconf 90' lang='lat' dir='ltr'>et</span> <span class='ocrx_word' id='word_1_311' title='bbox 1322 3947 1423 4002; x_wconf 89' lang='lat' dir='ltr'>comite</span> 
     </span>
     <span class='ocr_line' id='line_1_34' title="bbox 229 4029 1425 4104; baseline 0.002 -20"><span class='ocrx_word' id='word_1_312' title='bbox 229 4049 243 4078; x_wconf 78' lang='grc' dir='ltr'>ι</span> <span class='ocrx_word' id='word_1_313' title='bbox 255 4029 505 4084; x_wconf 87' lang='lat' dir='ltr'>etdimisitdicturn</span> <span class='ocrx_word' id='word_1_314' title='bbox 521 4043 638 4084; x_wconf 85' lang='lat' dir='ltr'>castrum</span> <span class='ocrx_word' id='word_1_315' title='bbox 655 4031 688 4084; x_wconf 90' lang='lat' dir='ltr'>de</span> <span class='ocrx_word' id='word_1_316' title='bbox 705 4031 803 4086; x_wconf 87' lang='lat' dir='ltr'>Podio·</span> <span class='ocrx_word' id='word_1_317' title='bbox 850 4053 863 4080; x_wconf 74' lang='lat' dir='ltr'>e</span> <span class='ocrx_word' id='word_1_318' title='bbox 875 4031 962 4086; x_wconf 83' lang='lat' dir='ltr'>Bindo</span> <span class='ocrx_word' id='word_1_319' title='bbox 982 4033 1015 4086; x_wconf 90' lang='lat' dir='ltr'>de</span> <span class='ocrx_word' id='word_1_320' title='bbox 1029 4033 1130 4087; x_wconf 86' lang='lat' dir='ltr'>Sancta</span> <span class='ocrx_word' id='word_1_321' title='bbox 1150 4031 1230 4086; x_wconf 79' lang='lat' dir='ltr'>Flora</span> <span class='ocrx_word' id='word_1_322' title='bbox 1245 4031 1293 4104; x_wconf 85' lang='lat' dir='ltr'>(cl.</span> <span class='ocrx_word' id='word_1_323' title='bbox 1312 4045 1377 4087; x_wconf 82' lang='lat' dir='ltr'>nota</span> <span class='ocrx_word' id='word_1_324' title='bbox 1398 4047 1425 4098; x_wconf 81' lang='lat' dir='ltr'>a,</span> 
     </span>
     <span class='ocr_line' id='line_1_35' title="bbox 229 4113 1424 4187; baseline 0.003 -21"><span class='ocrx_word' id='word_1_325' title='bbox 229 4135 242 4160; x_wconf 75' lang='grc' dir='ltr'><strong>α</strong></span> <span class='ocrx_word' id='word_1_326' title='bbox 254 4113 343 4168; x_wconf 76' lang='lat' dir='ltr'>bonizi</span> <span class='ocrx_word' id='word_1_327' title='bbox 359 4115 427 4168; x_wconf 87' lang='lat' dir='ltr'>bene</span> <span class='ocrx_word' id='word_1_328' title='bbox 438 4115 574 4168; x_wconf 87' lang='lat' dir='ltr'>munitum</span> <span class='ocrx_word' id='word_1_329' title='bbox 587 4115 621 4170; x_wconf 91' lang='lat' dir='ltr'>de</span> <span class='ocrx_word' id='word_1_330' title='bbox 634 4127 714 4186; x_wconf 80' lang='lat' dir='ltr'>gente</span> <span class='ocrx_word' id='word_1_331' title='bbox 725 4127 752 4170; x_wconf 91' lang='lat' dir='ltr'>et</span> <span class='ocrx_word' id='word_1_332' title='bbox 767 4115 804 4170; x_wconf 84' lang='lat' dir='ltr'>vi·</span> <span class='ocrx_word' id='word_1_333' title='bbox 850 4137 863 4164; x_wconf 74' lang='grc' dir='ltr'><strong>α</strong></span> <span class='ocrx_word' id='word_1_334' title='bbox 875 4132 900 4187; x_wconf 93' lang='lat' dir='ltr'>p.</span> <span class='ocrx_word' id='word_1_335' title='bbox 917 4113 989 4184; x_wconf 81' lang='lat'>116),</span> <span class='ocrx_word' id='word_1_336' title='bbox 1001 4115 1116 4170; x_wconf 86' lang='lat' dir='ltr'>domino</span> <span class='ocrx_word' id='word_1_337' title='bbox 1130 4115 1312 4186; x_wconf 80' lang='lat' dir='ltr'>Uguicciooe,</span> <span class='ocrx_word' id='word_1_338' title='bbox 1321 4115 1424 4172; x_wconf 89' lang='lat' dir='ltr'>comite</span> 
     </span>
     <span class='ocr_line' id='line_1_36' title="bbox 230 4197 1424 4264; baseline 0.003 -14"><span class='ocrx_word' id='word_1_339' title='bbox 230 4198 388 4252; x_wconf 70' lang='lat' dir='ltr'>actualibus</span> <span class='ocrx_word' id='word_1_340' title='bbox 397 4220 423 4252; x_wconf 82' lang='lat' dir='ltr'>s.</span> <span class='ocrx_word' id='word_1_341' title='bbox 451 4199 544 4252; x_wconf 83' lang='lat' dir='ltr'>Diario</span> <span class='ocrx_word' id='word_1_342' title='bbox 555 4197 582 4252; x_wconf 92' lang='lat' dir='ltr'>di</span> <span class='ocrx_word' id='word_1_343' title='bbox 596 4215 638 4252; x_wconf 89' lang='lat' dir='ltr'>ser</span> <span class='ocrx_word' id='word_1_344' title='bbox 651 4197 802 4254; x_wconf 76' lang='lat' dir='ltr'>Grounuur</span> <span class='ocrx_word' id='word_1_345' title='bbox 849 4221 862 4248; x_wconf 75' lang='grc' dir='ltr'><strong>α</strong></span> <span class='ocrx_word' id='word_1_346' title='bbox 874 4201 908 4254; x_wconf 90' lang='lat' dir='ltr'>de</span> <span class='ocrx_word' id='word_1_347' title='bbox 924 4199 1074 4264; x_wconf 80' lang='lat' dir='ltr'>Marciano,</span> <span class='ocrx_word' id='word_1_348' title='bbox 1089 4199 1169 4254; x_wconf 86' lang='lat' dir='ltr'>Neno</span> <span class='ocrx_word' id='word_1_349' title='bbox 1183 4200 1274 4254; x_wconf 88' lang='lat' dir='ltr'>Iannis</span> <span class='ocrx_word' id='word_1_350' title='bbox 1292 4201 1326 4255; x_wconf 88' lang='lat' dir='ltr'>de</span> <span class='ocrx_word' id='word_1_351' title='bbox 1344 4199 1424 4264; x_wconf 87' lang='lat' dir='ltr'>Pisis,</span> 
     </span>
     <span class='ocr_line' id='line_1_37' title="bbox 228 4279 1424 4354; baseline 0.003 -20"><span class='ocrx_word' id='word_1_352' title='bbox 228 4295 257 4334; x_wconf 83' lang='lat' dir='ltr'>ur</span> <span class='ocrx_word' id='word_1_353' title='bbox 278 4279 381 4335; x_wconf 67' lang='lat' dir='ltr'>tunso</span> <span class='ocrx_word' id='word_1_354' title='bbox 400 4282 427 4334; x_wconf 92' lang='lat' dir='ltr'>in</span> <span class='ocrx_word' id='word_1_355' title='bbox 447 4298 492 4352; x_wconf 91' lang='lat' dir='ltr'>op.</span> <span class='ocrx_word' id='word_1_356' title='bbox 512 4283 557 4336; x_wconf 90' lang='lat' dir='ltr'>cit.</span> <span class='ocrx_word' id='word_1_357' title='bbox 575 4300 601 4354; x_wconf 91' lang='lat' dir='ltr'>p.</span> <span class='ocrx_word' id='word_1_358' title='bbox 624 4283 681 4352; x_wconf 80' lang='lat'>183.</span> <span class='ocrx_word' id='word_1_359' title='bbox 849 4305 862 4332; x_wconf 77' lang='lat' dir='ltr'>u</span> <span class='ocrx_word' id='word_1_360' title='bbox 874 4283 1210 4348; x_wconf 86' lang='lat' dir='ltr'>comitedeDonoratico,</span> <span class='ocrx_word' id='word_1_361' title='bbox 1222 4283 1336 4339; x_wconf 87' lang='lat' dir='ltr'>domino</span> <span class='ocrx_word' id='word_1_362' title='bbox 1351 4283 1424 4354; x_wconf 79' lang='lat' dir='ltr'>Ugu-</span> 
     </span>
    </p>

    <p class='ocr_par' dir='ltr' id='par_1_4' title="bbox 227 4363 1425 4937">
     <span class='ocr_line' id='line_1_38' title="bbox 262 4363 1423 4440; baseline 0.004 -23"><span class='ocrx_word' id='word_1_363' title='bbox 262 4367 305 4436; x_wconf 67' lang='grc' dir='ltr'>(ι)</span> <span class='ocrx_word' id='word_1_364' title='bbox 325 4363 368 4420; x_wconf 82' lang='lat' dir='ltr'>Cl.</span> <span class='ocrx_word' id='word_1_365' title='bbox 388 4365 416 4420; x_wconf 87' lang='lat' dir='ltr'>in</span> <span class='ocrx_word' id='word_1_366' title='bbox 436 4367 593 4431; x_wconf 64' lang='lat' dir='ltr'>Dominus,</span> <span class='ocrx_word' id='word_1_367' title='bbox 610 4369 685 4434; x_wconf 73' lang='lat' dir='ltr'>Acte,</span> <span class='ocrx_word' id='word_1_368' title='bbox 701 4367 735 4432; x_wconf 88' lang='lat' dir='ltr'>ll,</span> <span class='ocrx_word' id='word_1_369' title='bbox 754 4383 800 4440; x_wconf 79' lang='lat'>193</span> <span class='ocrx_word' id='word_1_370' title='bbox 850 4366 930 4422; x_wconf 72' lang='lat' dir='ltr'>«lino</span> <span class='ocrx_word' id='word_1_371' title='bbox 944 4369 977 4420; x_wconf 84' lang='lat' dir='ltr'>de</span> <span class='ocrx_word' id='word_1_372' title='bbox 991 4365 1101 4432; x_wconf 82' lang='lat' dir='ltr'>Vichio,</span> <span class='ocrx_word' id='word_1_373' title='bbox 1111 4367 1225 4422; x_wconf 88' lang='lat' dir='ltr'>domino</span> <span class='ocrx_word' id='word_1_374' title='bbox 1235 4365 1333 4421; x_wconf 79' lang='lat' dir='ltr'>Vnone</span> <span class='ocrx_word' id='word_1_375' title='bbox 1344 4367 1423 4434; x_wconf 71' lang='lat' dir='ltr'>Ceno</span> 
     </span>
     <span class='ocr_line' id='line_1_39' title="bbox 227 4447 1423 4518; baseline 0.003 -18"><span class='ocrx_word' id='word_1_376' title='bbox 227 4463 243 4500; x_wconf 89' lang='lat' dir='ltr'>e</span> <span class='ocrx_word' id='word_1_377' title='bbox 272 4465 330 4518; x_wconf 74' lang='lat' dir='ltr'>spg.</span> <span class='ocrx_word' id='word_1_378' title='bbox 358 4447 384 4502; x_wconf 85' lang='lat' dir='ltr'>la</span> <span class='ocrx_word' id='word_1_379' title='bbox 412 4447 649 4504; x_wconf 84' lang='lat' dir='ltr'>loterloeutio</span> <span class='ocrx_word' id='word_1_380' title='bbox 680 4461 802 4505; x_wconf 88' lang='lat' dir='ltr'>contra</span> <span class='ocrx_word' id='word_1_381' title='bbox 850 4451 907 4504; x_wconf 75' lang='lat' dir='ltr'>ude</span> <span class='ocrx_word' id='word_1_382' title='bbox 933 4447 1112 4504; x_wconf 86' lang='lat' dir='ltr'>Lanlranchis</span> <span class='ocrx_word' id='word_1_383' title='bbox 1144 4449 1178 4504; x_wconf 91' lang='lat' dir='ltr'>de</span> <span class='ocrx_word' id='word_1_384' title='bbox 1203 4449 1281 4516; x_wconf 88' lang='lat' dir='ltr'>Pisis,</span> <span class='ocrx_word' id='word_1_385' title='bbox 1309 4451 1423 4504; x_wconf 89' lang='lat' dir='ltr'>domino</span> 
     </span>
     <span class='ocr_line' id='line_1_40' title="bbox 228 4531 1425 4604; baseline 0.003 -20"><span class='ocrx_word' id='word_1_386' title='bbox 228 4547 344 4600; x_wconf 67' lang='lat' dir='ltr'>regem</span> <span class='ocrx_word' id='word_1_387' title='bbox 383 4531 574 4588; x_wconf 85' lang='lat' dir='ltr'>llobertum</span> <span class='ocrx_word' id='word_1_388' title='bbox 612 4535 653 4588; x_wconf 85' lang='lat' dir='ltr'>de&#39;</span> <span class='ocrx_word' id='word_1_389' title='bbox 686 4548 715 4588; x_wconf 82' lang='lat' dir='ltr'>ta</span> <span class='ocrx_word' id='word_1_390' title='bbox 747 4532 803 4588; x_wconf 86' lang='lat' dir='ltr'>leb·</span> <span class='ocrx_word' id='word_1_391' title='bbox 849 4533 977 4598; x_wconf 62' lang='lat' dir='ltr'>«Giano,</span> <span class='ocrx_word' id='word_1_392' title='bbox 993 4533 1106 4586; x_wconf 84' lang='lat' dir='ltr'>domino</span> <span class='ocrx_word' id='word_1_393' title='bbox 1127 4531 1300 4604; x_wconf 72' lang='lat' dir='ltr'>Torrigianu</span> <span class='ocrx_word' id='word_1_394' title='bbox 1316 4545 1343 4588; x_wconf 91' lang='lat' dir='ltr'>et</span> <span class='ocrx_word' id='word_1_395' title='bbox 1358 4534 1425 4588; x_wconf 86' lang='lat' dir='ltr'>Car-</span> 
     </span>
     <span class='ocr_line' id='line_1_41' title="bbox 227 4615 1424 4688; baseline 0.003 -20"><span class='ocrx_word' id='word_1_396' title='bbox 227 4615 303 4668; x_wconf 80' lang='lat' dir='ltr'>braio</span> <span class='ocrx_word' id='word_1_397' title='bbox 327 4631 389 4684; x_wconf 77' lang='lat'>¹3¹3</span> <span class='ocrx_word' id='word_1_398' title='bbox 410 4619 500 4672; x_wconf 67' lang='lat' dir='ltr'>«letata</span> <span class='ocrx_word' id='word_1_399' title='bbox 528 4617 572 4672; x_wconf 88' lang='lat' dir='ltr'>dal</span> <span class='ocrx_word' id='word_1_400' title='bbox 598 4617 691 4672; x_wconf 80' lang='lat' dir='ltr'>Monte</span> <span class='ocrx_word' id='word_1_401' title='bbox 717 4617 804 4688; x_wconf 89' lang='lat' dir='ltr'>lmpe·</span> <span class='ocrx_word' id='word_1_402' title='bbox 850 4617 945 4670; x_wconf 73' lang='lat' dir='ltr'>ebone</span> <span class='ocrx_word' id='word_1_403' title='bbox 957 4615 990 4670; x_wconf 90' lang='lat' dir='ltr'>de</span> <span class='ocrx_word' id='word_1_404' title='bbox 1003 4616 1138 4682; x_wconf 85' lang='lat' dir='ltr'>Cerchiis‚</span> <span class='ocrx_word' id='word_1_405' title='bbox 1154 4615 1251 4671; x_wconf 83' lang='lat' dir='ltr'>Tadeo</span> <span class='ocrx_word' id='word_1_406' title='bbox 1261 4617 1295 4670; x_wconf 88' lang='lat' dir='ltr'>de</span> <span class='ocrx_word' id='word_1_407' title='bbox 1306 4617 1424 4682; x_wconf 88' lang='lat' dir='ltr'>Ubertis,</span> 
     </span>
     <span class='ocr_line' id='line_1_42' title="bbox 228 4695 1425 4768; baseline 0.003 -16"><span class='ocrx_word' id='word_1_408' title='bbox 228 4695 293 4752; x_wconf 82' lang='lat' dir='ltr'>riale</span> <span class='ocrx_word' id='word_1_409' title='bbox 312 4699 353 4768; x_wconf 90' lang='lat' dir='ltr'>(S.</span> <span class='ocrx_word' id='word_1_410' title='bbox 366 4699 481 4754; x_wconf 84' lang='lat' dir='ltr'>Miniato</span> <span class='ocrx_word' id='word_1_411' title='bbox 498 4699 522 4752; x_wconf 81' lang='lat' dir='ltr'>nl</span> <span class='ocrx_word' id='word_1_412' title='bbox 539 4699 687 4768; x_wconf 84' lang='lat' dir='ltr'>Tedeseo),</span> <span class='ocrx_word' id='word_1_413' title='bbox 707 4699 802 4754; x_wconf 78' lang='lat' dir='ltr'>«lecta</span> <span class='ocrx_word' id='word_1_414' title='bbox 851 4699 1021 4756; x_wconf 76' lang='lat' dir='ltr'>uBtschiera</span> <span class='ocrx_word' id='word_1_415' title='bbox 1039 4701 1072 4754; x_wconf 89' lang='lat' dir='ltr'>de</span> <span class='ocrx_word' id='word_1_416' title='bbox 1093 4701 1118 4754; x_wconf 90' lang='lat' dir='ltr'>la</span> <span class='ocrx_word' id='word_1_417' title='bbox 1138 4701 1223 4766; x_wconf 83' lang='lat' dir='ltr'>Tosa,</span> <span class='ocrx_word' id='word_1_418' title='bbox 1239 4713 1264 4756; x_wconf 90' lang='lat' dir='ltr'>et</span> <span class='ocrx_word' id='word_1_419' title='bbox 1286 4701 1425 4756; x_wconf 79' lang='lat' dir='ltr'>Ballione·</span> 
     </span>
     <span class='ocr_line' id='line_1_43' title="bbox 230 4783 1424 4854; baseline 0.005 -20"><span class='ocrx_word' id='word_1_420' title='bbox 230 4793 280 4834; x_wconf 76' lang='lat' dir='ltr'>-et</span> <span class='ocrx_word' id='word_1_421' title='bbox 299 4783 434 4854; x_wconf 81' lang='lat' dir='ltr'>publicata</span> <span class='ocrx_word' id='word_1_422' title='bbox 457 4784 625 4854; x_wconf 88' lang='lat' dir='ltr'>presentibus</span> <span class='ocrx_word' id='word_1_423' title='bbox 643 4783 802 4838; x_wconf 86' lang='lat' dir='ltr'>venerabili·</span> <span class='ocrx_word' id='word_1_424' title='bbox 850 4807 862 4831; x_wconf 72' lang='lat' dir='ltr'>n</span> <span class='ocrx_word' id='word_1_425' title='bbox 876 4785 920 4838; x_wconf 79' lang='lat' dir='ltr'>cio</span> <span class='ocrx_word' id='word_1_426' title='bbox 936 4787 969 4838; x_wconf 69' lang='grc' dir='ltr'>ἀι·</span> <span class='ocrx_word' id='word_1_427' title='bbox 989 4783 1176 4850; x_wconf 76' lang='lat' dir='ltr'>Adimaribus,</span> <span class='ocrx_word' id='word_1_428' title='bbox 1196 4799 1221 4838; x_wconf 85' lang='lat' dir='ltr'>et</span> <span class='ocrx_word' id='word_1_429' title='bbox 1250 4784 1309 4840; x_wconf 86' lang='lat' dir='ltr'>aliis</span> <span class='ocrx_word' id='word_1_430' title='bbox 1332 4785 1424 4840; x_wconf 85' lang='lat' dir='ltr'>multis</span> 
     </span>
     <span class='ocr_line' id='line_1_44' title="bbox 232 4865 1023 4937; baseline 0.008 -21"><span class='ocrx_word' id='word_1_431' title='bbox 232 4865 305 4920; x_wconf 69' lang='lat' dir='ltr'>ebus</span> <span class='ocrx_word' id='word_1_432' title='bbox 336 4867 455 4937; x_wconf 84' lang='lat' dir='ltr'>patribus</span> <span class='ocrx_word' id='word_1_433' title='bbox 486 4880 513 4922; x_wconf 90' lang='lat' dir='ltr'>et</span> <span class='ocrx_word' id='word_1_434' title='bbox 542 4867 660 4922; x_wconf 86' lang='lat' dir='ltr'>dominis</span> <span class='ocrx_word' id='word_1_435' title='bbox 690 4869 803 4920; x_wconf 76' lang='lat' dir='ltr'>domno</span> <span class='ocrx_word' id='word_1_436' title='bbox 853 4889 865 4914; x_wconf 71' lang='grc' dir='ltr'>«ι</span> <span class='ocrx_word' id='word_1_437' title='bbox 879 4871 1023 4922; x_wconf 79' lang='lat' dir='ltr'>testibus».</span> 
     </span>
    </p>
   </div>
   <div class='ocr_carea' id='block_1_4' title="bbox 0 0 1937 5890">
    <p class='ocr_par' dir='ltr' id='par_1_5' title="bbox 0 0 1937 5890">
     <span class='ocr_line' id='line_1_45' title="bbox 0 0 1937 5890; baseline 0 0"><span class='ocrx_word' id='word_1_438' title='bbox 0 0 1937 5890; x_wconf 95' lang='lat' dir='ltr'> </span> 
     </span>
    </p>
   </div>
  </div>
 </body>
</html>
