3860 5884
623 555 649 608 1.
677 553 736 609 uu
763 553 1078 610 cennsnate.
1402 561 1443 628 29

258 773 447 856 Zonsredus,
460 773 628 842 Canevarii
643 773 736 856 filius,
749 775 814 866 qui,
829 777 994 866 superstite
1009 777 1131 860 Musca,
1148 799 1246 868 quem
1262 795 1444 868 suspectum

258 889 485 959 dominationis
505 889 639 959 habebat
662 891 694 959 in
715 891 864 974 consiliis,
884 912 916 960 et
935 893 1145 962 conventibus
1164 892 1310 962 civilibus
1328 893 1444 962 domus

240 1029 344 1088 suae,
368 1005 547 1076 minabatur
564 1007 672 1096 gladio
689 1031 802 1076 necem
817 1031 914 1098 quem
932 1011 1062 1078 sentiret
1080 1031 1248 1100 procurare
1264 1009 1444 1078 dominium

169 1137 230 1186 120
258 1122 403 1192 civitatis.
445 1121 500 1190 sed
520 1141 701 1212 postquam,
720 1143 851 1212 sumpto
866 1143 1002 1213 sceptro,
1021 1123 1207 1194 Guidonem
1227 1123 1331 1194 valida
1347 1147 1444 1192 manu

257 1255 444 1326 regnantem
464 1236 552 1319 vidit,
571 1255 606 1304 ut
624 1233 671 1318 fit,
691 1237 834 1305 animum
853 1239 993 1321 remisit3
1012 1239 1021 1328 fl
1039 1257 1071 1306 et
1090 1261 1163 1307 eum
1181 1239 1251 1329 ipso
1273 1239 1445 1328 sapientius

254 1371 323 1420 sese
342 1351 422 1420 tulit.
468 1353 574 1440 itaque
593 1371 685 1422 vetus
704 1353 755 1420 illa
774 1351 899 1435 seditio,
922 1373 953 1422 et
977 1353 1204 1422 dominationis
1226 1354 1346 1422 invidia
1365 1355 1446 1422 inter

254 1465 430 1554 proximos,
443 1485 478 1535 ut
492 1489 586 1556 supra
597 1467 747 1550 diximus,
761 1467 858 1556 longe
870 1467 977 1536 durior
988 1469 1084 1538 solito
1097 1487 1191 1558 atque
1204 1469 1306 1536 maim
1316 1469 1444 1536 mansit:

253 1578 312 1646 sibi
334 1579 462 1669 suisque
484 1580 672 1671 sequacibus
693 1601 864 1672 perpetuae
887 1583 984 1670 pestis
1018 1603 1121 1650 causa.
1172 1581 1251 1651 haec
1274 1601 1382 1650 autern
1407 1581 1446 1650 de

168 1713 225 1780 ¹25
255 1693 412 1764 Turriana
440 1694 523 1766 inter
550 1719 584 1766 se
615 1697 771 1768 seditione
803 1696 980 1780 sufficiant,
1010 1721 1051 1766 ne
1081 1699 1210 1788 longius
1243 1697 1282 1766 ab
1318 1698 1447 1787 incepto

255 1811 475 1882 uahamurffl.

321 1928 412 1998 XVI.
459 1931 584 1998 lnterea
600 1929 759 2020 praefatus
781 1953 837 2000 rex
862 1933 1022 2000 Henticus
1043 1932 1198 2020 propositi
1219 1931 1268 2000 sui
1288 1949 1395 2012 tenax,
1416 1947 1448 1998 et

256 2063 358 2114 certus
373 2047 432 2114 iter
449 2067 545 2116 suum
561 2045 674 2130 facere,
689 2046 727 2114 ad
742 2047 805 2115 hoc
823 2047 949 2116 illicitus
964 2045 1109 2116 fidelibus
1125 2047 1347 2128 Alamanniae,
1364 2045 1445 2114 adeo

256 2161 383 2250 magnis
401 2183 437 2230 ac
460 2161 601 2230 sollicitis
625 2160 824 2252 apparatibus
843 2164 876 2230 in
900 2163 1024 2230 ltaliam
1047 2160 1236 2254 properabat
1259 2161 1447 2244 adventum,

255 2295 289 2344 ut
305 2299 545 2365 praecursorum
560 2279 619 2346 iter
634 2277 741 2347 subito
756 2278 839 2347 velle
857 2278 1006 2368 subsequi
1025 2279 1131 2348 visum
1154 2279 1204 2346 sit.
1250 2301 1356 2368 neque
1373 2275 1447 2346 inde

208 2406 226 2473 5
255 2391 467 2480 plurimorum
490 2415 659 2484 procerum
683 2395 847 2484 opinione,
883 2393 1000 2484 quibus
1026 2393 1141 2464 dururu
1165 2393 1197 2461 id
1221 2415 1257 2462 ac
1281 2395 1376 2462 nimis
1401 2415 1448 2460 ar·

256 2506 356 2576 duum
392 2509 568 2592 videbatur,
594 2531 612 2576 a
639 2511 804 2600 proposito
833 2511 917 2598 regis
940 2510 1066 2578 animus
1094 2508 1268 2578 retardatus
1294 2527 1353 2590 est,
1376 2508 1448 2576 licet

255 2624 346 2691 omni
364 2623 471 2692 studio
483 2623 605 2692 tardare
626 2645 770 2693 curarent
785 2625 844 2692 iter
858 2624 936 2692 eius.
983 2645 1095 2691 verum
1114 2623 1200 2714 'alia
1217 2623 1355 2692 occurrit
1374 2619 1448 2689 felix

256 2751 349 2824 atque
365 2734 560 2804 rationabilis
576 2737 714 2806 occasio.
763 2735 939 2804 decesserat
953 2735 1042 2803 euim
1055 2757 1097 2804 eo
1111 2753 1256 2824 ternpore
1273 2733 1447 2802 bohemiae

255 2871 321 2932 rex,
346 2849 442 2917 virilis
464 2873 559 2918 sexus
583 2871 766 2920 successore
786 2851 875 2920 nullo
902 2851 1033 2933 relicto;
1064 2849 1171 2920 relicta
1195 2849 1359 2918 Helisabet
1384 2847 1448 2917 filia

191 2993 230 3042 to
256 2963 398 3052 innupta,
422 2986 504 3052 quae
527 2963 639 3032 illustri
661 2963 727 3032 filio
751 2966 834 3054 regis
858 2964 994 3033 Iohanni
1015 2963 1222 3034 matrimonio
1252 2963 1368 3044 iuncta,
1393 2983 1449 3050 pa-

255 3095 383 3146 ternum
400 3079 575 3148 Bohemiae
592 3103 730 3170 reguum
746 3083 779 3148 in
796 3080 907 3149 dotem
923 3079 994 3149 tulit
1004 3080 1051 3148 (²).
1098 3081 1204 3170 itaque
1223 3077 1450 3148 rationabiliter

256 3193 439 3284 priusquam
467 3195 660 3265 Theutonos
683 3197 805 3286 linquat
830 3195 923 3278 fines,
946 3218 1002 3264 rex
1026 3195 1130 3264 filium
1147 3217 1250 3284 regno
1269 3195 1340 3284 ipso
1361 3216 1449 3262 coro

257 3309 398 3378 nandum
422 3310 524 3380 duxit.
566 3311 681 3380 deinde
705 3334 838 3403 magno,
862 3335 898 3380 ac
920 3328 1050 3380 strenuo
1070 3330 1265 3380 armatorum
1287 3308 1447 3400 praesidio

256 3425 296 3493 ad
314 3425 488 3496 obtinenda
507 3429 596 3517 regni
615 3428 683 3496 iura
702 3426 761 3496 sibi
780 3427 845 3496 dati
862 3429 897 3496 iu
917 3427 1108 3496 bohemiam
1127 3426 1256 3496 dimisit.

190 3567 226 3636 15
324 3543 371 3612 Eo
389 3565 534 3634 tempore
557 3544 694 3633 partialis
717 3543 812 3614 studii
839 3544 954 3614 morbo
979 3545 1088 3613 civitas
1108 3543 1359 3613 Mediolanensis
1378 3543 1447 3634 plu·

256 3659 374 3728 dmum
397 3657 568 3726 laborabat.
621 3659 673 3728 hic
697 3661 836 3744 morbus,
860 3661 972 3730 humili
992 3679 1080 3729 ortus
1105 3681 1209 3742 causa,
1234 3677 1367 3728 vacante
1387 3660 1446 3726 irn-

255 3775 355 3862 peri0,
369 3775 450 3844 adeo
466 3773 621 3844 lethaliter
638 3775 814 3866 pullularat,
831 3795 875 3860 ut,
895 3799 936 3844 eo
954 3774 1025 3844 solo
1044 3775 1134 3858 vitio,
1150 3793 1249 3843 status
1268 3772 1354 3842 urhis
1372 3775 1446 3844 titu-

257 3883 333 3954 bans
367 3910 466 3978 prope
493 3911 602 3957 casum
626 3889 717 3957 soret.
764 3910 838 3957 nam
865 3887 943 3957 dum
969 3889 1118 3978 [proprii
1146 3907 1177 3954 et
1203 3885 1353 3956 naturalis
1380 3885 1446 3954 divi
1523 3929 1529 3942 ·

255 4003 404 4094 principis
428 4024 598 4096 expectant
621 4003 796 4074 adventum
819 4005 915 4088 cives,
940 4005 1028 4074 cuius
1052 4005 1215 4106 iuyamiue
1239 4001 1309 4074 freti
1332 4025 1446 4094 procu-

186 4143 229 4190 20
254 4143 323 4190 rare
346 4119 504 4190 debebant
527 4121 620 4190 bonis
650 4121 772 4192 civibus
795 4123 952 4210 integram
976 4119 1087 4190 urbem
1117 4119 1259 4202 reddere,
1282 4121 1328 4190 eis
1351 4121 1390 4188 ad
1413 4118 1446 4186 id

255 4229 402 4299 nondum
421 4231 568 4300 extinctis
587 4229 668 4298 odiis
694 4231 773 4300 nihil
795 4231 883 4321 pensi
903 4230 972 4313 fuit,
991 4231 1068 4320 quin
1089 4231 1285 4300 immotum
1309 4230 1444 4318 partium

255 4347 359 4418 studia
380 4347 518 4420 debuere
544 4349 671 4431 remitti,
700 4367 732 4416 et
764 4345 949 4436 reipublicae
973 4346 1095 4416 bouum
1124 4347 1198 4418 totis
1230 4345 1349 4416 viribus
1372 4369 1443 4437 pro-

290 4589 333 4658 (ι)
352 4587 404 4642 l’et
419 4587 444 4642 la
458 4587 641 4644 illustratione
660 4585 827 4642 dell'intiero
873 4585 1007 4640 Zoniredo
1040 4600 1085 4638 era
1113 4583 1189 4656 figlio
1219 4585 1246 4638 di
1281 4583 1444 4640 Canevario

257 4671 376 4744 capitolo
402 4671 464 4726 veti
483 4672 510 4728 la
530 4669 622 4728 tavola
650 4669 827 4744 genealogica
908 4667 1443 4742 (2)Leuotresicelehtaronoinspira

256 4755 299 4810 del
319 4755 446 4812 Torriani
465 4755 537 4812 nella
565 4757 647 4812 storia
665 4755 708 4810 del
728 4755 828 4822 Corio;
873 4753 941 4828 llqo
959 4765 1056 4828 agusto
1077 4769 1151 4826 tato.
1188 4751 1231 4808 Cl
1251 4753 1381 4820 eumn,
1399 4771 1443 4826 op.

256 4839 282 4893 al
301 4837 335 4894 C.
350 4841 498 4896 dohbiamo
513 4841 541 4894 iu
559 4842 604 4912 piu
617 4837 643 4894 ia
656 4840 757 4895 notizia
776 4839 828 4896 che
873 4839 927 4904 eit,
942 4857 967 4912 p.
984 4855 1043 4912 2⁷9·
