3874 5886
528 559 645 618 XXXVI
970 557 1007 616 L.
1036 561 1080 616 Α.
1106 559 1284 617 FERRAI

528 833 660 906 profecto,
675 835 829 907 priusquam
848 851 897 907 po·
932 834 1066 907 fossisque
1078 835 1178 890 vallata
1194 847 1221 890 et
1235 836 1306 890 inea·
1342 834 1461 890 clausisti
1476 845 1570 907 portas
1589 845 1617 888 et
1635 849 1719 888 arma·

529 930 602 984 tiaris
621 930 694 996 urbe,
716 943 810 1002 gentes
828 945 898 1002 quae
935 929 1086 1002 pugnabilis
1104 941 1153 986 est
1342 929 1376 984 sti
1391 929 1464 984 cives
1480 928 1594 994 Brixiae,
1607 927 1720 1002 peremi-

530 1027 577 1082 tibi
596 1029 713 1106 serviunt
729 1039 791 1083 ante
805 1044 898 1082 muros

531 1126 644 1193 Brixiae,
658 1142 733 1181 rnore
746 1125 791 1180 diu
804 1127 899 1182 stantis

530 1241 616 1297 aquae
635 1224 717 1296 ionga
730 1225 758 1279 in
773 1225 897 1289 statione,

529 1325 696 1396 languebunt
705 1325 811 1379 morbo.
842 1323 897 1378 hoc

528 1419 576 1475 tibi
594 1421 647 1476 soli
666 1423 789 1493 imputes.
826 1433 898 1476 certe

529 1519 623 1573 civitas
647 1519 697 1573 ista
730 1518 790 1574 altis
819 1519 898 1572 turri·

529 1615 578 1670 bus
605 1615 742 1688 murisque
767 1631 798 1668 ac
817 1613 896 1669 fossis

1338 1027 1372 1082 sti
1390 1026 1515 1082 militiam
1536 1039 1621 1082 tuam.
1657 1043 1718 1099 pro·

1338 1124 1421 1191 fecto,
1433 1125 1590 1198 priusquam
1607 1127 1718 1196 potiaris

1339 1224 1414 1290 urbe,
1424 1233 1518 1295 gentes
1528 1239 1597 1296 quae
1607 1223 1655 1278 tibi
1665 1239 1716 1280 ser·

1337 1323 1413 1378 siunt
1422 1336 1485 1378 ante
1495 1339 1588 1378 muros
1601 1323 1717 1390 Brixiae,

1338 1437 1416 1476 more
1437 1421 1482 1476 diu
1510 1423 1603 1476 stantis
1630 1436 1718 1495 aquae

1338 1515 1422 1591 longa
1449 1520 1477 1572 in
1503 1519 1629 1588 statione,
1658 1517 1715 1574 ian·

1338 1613 1570 1686 gueBuntmorbo.
1607 1615 1714 1670 hoctibi

528 1710 642 1776 vallata,
684 1710 898 1782 inexpugnabilis
1339 1709 1391 1766 soli
1415 1711 1540 1782 imputes¹
1577 1725 1665 1784 usque
1690 1727 1718 1766 e·

529 1821 569 1863 est
594 1821 643 1863 etc*
1336 1807 1395 1864 nim
1419 1821 1513 1864 contra
1541 1807 1714 1864 clementiam

1339 1903 1410 1961 ullus
1431 1923 1580 1978 numquam
1605 1907 1716 1963 audien·

1338 2002 1388 2058 dus
1415 2013 1464 2072 opt.
1510 2003 1591 2060 huius
1623 2015 1716 2062 tamen

1340 2099 1446 2156 consilii
1456 2113 1597 2157 auctorem
1610 2101 1717 2169 nescim

1337 2195 1715 2264 utinamsolusiiceret,euins

1338 2294 1450 2350 inductu
1459 2311 1578 2368 poenam
1587 2295 1717 2352 sufferant

1338 2389 1506 2460 innocentes,
1525 2391 1616 2462 etqui
1635 2389 1714 2446 huius

1338 2485 1716 2558 adventuprincipisrequiem

1338 2584 1480 2656 sperabant
1498 2595 1560 2658 post
1583 2584 1717 2654 lahorem,

1337 2679 1432 2736 solutis
1469 2681 1715 2752 perturbationibus

1337 2791 1363 2834 et
1390 2779 1530 2852 angustiis,
1553 2779 1713 2836 laborabunt

1336 2877 1434 2933 iterum
1443 2876 1606 2950 sinecuipai
1643 2891 1715 2934 certe

1338 2974 1433 3030 civitas
1469 2975 1624 3044 Briaiensis,
1655 2976 1715 3032 altis

1338 3075 1421 3130 muris
1445 3073 1578 3138 fossisque
1605 3077 1715 3142 vallata,

1337 3173 1421 3243 portis
1449 3171 1532 3227 etiam
1558 3171 1652 3240 firmis,
1674 3189 1715 3228 re·

1338 3269 1444 3342 papulis
1472 3269 1580 3338 clausis,
1603 3272 1714 3346 inexpu-

1339 3365 1454 3438 gnabilis
1474 3379 1514 3422 est
1533 3379 1583 3424 etc.

608 3552 820 3625 ciprum.
1420 3513 1644 3627 eapxxxva'

563 3672 711 3732 Resinata
730 3675 849 3730 Brixiam
868 3676 896 3730 in
966 3675 1069 3746 itaque,
1095 3689 1158 3728 cum
1183 3673 1303 3728 maxima
1374 3674 1476 3746 ltaque,
1503 3691 1567 3730 eum
1594 3675 1715 3730 maxima

528 3773 643 3828 statione
675 3789 721 3828 sex
758 3773 895 3828 mensibus
933 3771 1102 3828 multitudine
1121 3771 1243 3844 equiturn
1261 3783 1301 3827 at·
1337 3771 1509 3827 multitudine
1535 3775 1657 3845 equitum
1675 3785 1716 3828 at-

528 3866 584 3923 iuit.
620 3887 715 3944 parum
734 3871 771 3926 ibi
790 3887 895 3926 memo·
930 3869 1109 3944 quepediturn
1118 3871 1146 3924 in
1154 3870 1300 3924 stationem
1337 3885 1390 3942 que
1409 3869 1529 3942 peditum
1547 3869 1575 3924 in
1599 3870 1715 3926 natione

527 3967 617 4022 rabilis
636 3985 742 4040 pugnae
766 3969 894 4024 commis·
931 3969 1002 4022 iuxta
1022 3968 1139 4023 Brixiam
1163 3967 1237 4022 stetit
1254 3984 1300 4022 rea
1337 3967 1409 4023 iuxta
1442 3967 1560 4022 Brixiam
1593 3969 1666 4024 stetit
1699 3985 1715 4022 a

527 4077 739 4132 sumestvetum
751 4065 895 4138 repentinis
931 4081 1053 4120 amense
1063 4064 1154 4138 aprilis
1165 4080 1249 4137 usque
1266 4065 1299 4118 ad
1336 4081 1430 4120 mense
1457 4063 1548 4136 aprilis
1575 4082 1661 4138 usque
1680 4067 1714 4120 ad

526 4161 723 4216 utcumionibm
747 4161 894 4234 aliquando
930 4179 1053 4218 mensem
1081 4160 1208 4217 octobns.
1254 4177 1301 4234 pa·
1336 4176 1460 4216 anensem
1488 4161 1618 4216 octobris.
1663 4177 1714 4234 pa-

527 4261 608 4316 etiarn
627 4276 642 4314 a
666 4259 828 4331 prirnoribus
847 4275 895 4330 pu·
930 4277 991 4315 rum
1001 4259 1300 4332 memorabilispugnae
1336 4275 1396 4314 rum
1415 4259 1451 4314 ibi
1467 4259 1651 4315 memorabilis
1666 4277 1715 4333 pu-

527 4370 639 4432 gnaturn
657 4369 705 4414 est
931 4357 1037 4412 interim
1070 4357 1105 4412 ibi
1138 4356 1222 4424 fuere,
1252 4358 1300 4412 sed
1337 4359 1713 4431 gnaeinterimcomnrissum

930 4465 1036 4509 tantum
1051 4453 1196 4527 repentinis
1213 4454 1300 4510 incur·
1336 4467 1385 4520 est,
1404 4471 1499 4508 verum
1515 4455 1660 4528 repentinis
1674 4455 1715 4509 in·

930 4551 1051 4608 sionibus
1081 4551 1234 4624 aliquorum
1267 4569 1300 4608 ea
1336 4553 1525 4620 cursionibus,
1559 4551 1713 4625 aliquorum

931 4651 1094 4724 prirnoribus
1112 4651 1233 4724 periculo
1252 4669 1298 4724 pu·
1336 4667 1368 4706 ea
1395 4652 1558 4723 primoribus
1581 4653 1713 4724 periculo,

562 4749 893 4824 DomitaqueTeitaldus,
929 4761 1042 4822 gnatum
1061 4761 1110 4804 est.
1146 4765 1210 4804 nam
1226 4748 1297 4804 circa
1333 4761 1482 4822 pugnaturn
1493 4762 1542 4806 est.
1569 4753 1713 4806 namcirea

527 4848 570 4902 cui
588 4845 669 4902 huius
686 4847 765 4902 vallis
780 4849 829 4904 iter
847 4865 893 4904 cu·
930 4847 1035 4903 initium
1067 4846 1132 4902 maii
1160 4846 1297 4902 Tebaldus
1333 4846 1439 4902 initium
1459 4846 1617 4904 Thebaidus
1638 4863 1714 4904 nron·
