3860 5884
494 460 538 530 4⁰
968 459 1215 518 ntsronra

560 680 669 749 XVII.
715 680 838 748 Ultima
860 697 969 750 tamen
992 679 1119 750 urbium
1144 679 1366 764 tombardiae,
1391 703 1458 750 non
1481 683 1551 750 sine
1581 703 1685 763 causa,

494 798 527 866 in
552 799 823 889 compositionem
834 797 868 854 (¹)
884 817 980 888 atque
1001 799 1035 867 in
1053 797 1252 867 deditionem
1271 799 1360 866 venit
1383 797 1499 868 Brixia
1546 797 1686 866 Metteus

495 911 535 980 de
558 911 675 980 Mediis
694 911 740 994 Φ),
763 913 817 1002 qui
841 909 1020 982 Gibelfinae
1042 909 1190 980 factionis
1213 911 1360 1000 princeps
1378 912 1447 1001 ipsa
1469 908 1624 1001 regnabat
1650 911 1684 978 in

495 1025 583 1110 urbe,
602 1028 700 1118 longe
713 1045 787 1118 post
802 1049 916 1096 omnes
935 1027 1063 1097 Italicos
1086 1027 1253 1118 praecipue
1284 1025 1462 1097 Gibellinos
1492 1027 1623 1096 ultimus
1646 1025 1685 1094 ad

494 1143 579 1233 regis
601 1145 813 1234 praesentiam
845 1145 947 1226 venit;
982 1143 1062 1212 heu!
1109 1165 1206 1234 quam
1235 1143 1356 1212 invitus
1386 1164 1547 1234 quamque
1574 1141 1685 1210 dolens
1713 1159 1733 1224 5

496 1281 533 1327 ac
547 1259 644 1328 tristis
659 1283 725 1328 non
734 1258 769 1314 (⁶)
784 1280 820 1328 ut
831 1259 930 1328 bostis
945 1258 955 1349 Ι
969 1263 1036 1328 eius
1052 1257 1216 1329 Guelficus
1231 1257 1271 1326 ad
1285 1258 1407 1327 radices
1420 1257 1583 1327 montium
1597 1259 1685 1327 Tau·

494 1375 649 1458 tinorum,
668 1397 736 1443 non
759 1376 829 1458 Ast,
853 1396 920 1443 non
938 1373 1111 1459 Vercellas,
1128 1396 1195 1444 non
1213 1374 1403 1456 Novariam,
1426 1397 1541 1444 verum
1566 1375 1684 1443 cunctis

494 1491 594 1559 serior
626 1489 850 1560 Mediolanum
887 1489 926 1558 ad
964 1513 1075 1580 regem
1108 1489 1173 1558 iam
1210 1491 1431 1580 expectatione
1467 1489 1629 1558 defessum
1651 1489 1686 1544 (i)

495 1607 583 1676 venit
598 1607 643 1676 (θ).
693 1629 713 1674 o
743 1629 835 1674 caeca
853 1607 1025 1676 hominum
1048 1629 1153 1689 mens,
1175 1629 1257 1696 quae
1280 1624 1425 1696 pettam
1448 1605 1580 1676 evidens
1603 1605 1685 1674 indi-

495 1723 582 1791 cium
597 1723 823 1792 imminentem
837 1719 896 1790 tibi
911 1721 1046 1790 minime
1061 1723 1197 1791 secernit
1213 1722 1341 1791 casum!
1388 1744 1499 1791 nonne
1517 1723 1616 1790 timor
1634 1721 1685 1790 ille
1717 1737 1757 1784 ιο

494 1855 584 1906 tanto
614 1836 776 1906 Gibellino
805 1837 962 1926 pessimus
992 1835 1142 1904 omnium
1167 1836 1251 1904 fuit?
1295 1855 1453 1906 nontam
1478 1855 1685 1928 conspectum

494 1953 589 2044 regis,
609 1975 723 2022 verum
747 1951 850 2020 callidi
870 1951 970 2020 hostis
993 1969 1138 2042 expertas
1158 1953 1296 2021 nimium
1315 1953 1449 2022 timebat
1471 1952 1613 2022 insidias.
1654 1970 1685 2021 at

495 2068 582 2137 brevi
590 2087 747 2158 ternpore,
755 2085 880 2135 mutato
892 2065 1038 2137 fortunae
1049 2067 1151 2150 vultu,
1159 2067 1300 2158 plerique
1313 2069 1447 2159 Ligures
1457 2087 1489 2138 et
1500 2067 1684 2152 Lombardi,

494 2183 590 2252 etiam
606 2204 687 2273 quos
704 2205 744 2251 ex
762 2183 943 2273 proscriptis
962 2181 1108 2251 exulibus
1126 2205 1256 2252 suarum
1271 2201 1426 2253 tenerum
1444 2183 1567 2252 incolas
1591 2203 1685 2274 atque
1912 2188 1914 2278 l

493 2297 580 2366 'cives
602 2296 729 2380 fecerat,
753 2295 918 2367 clementis
934 2297 1017 2388 regis
1036 2297 1152 2388 periuri
1175 2321 1212 2366 ac
1230 2297 1364 2368 rebelles
1386 2298 1461 2366 sacti
1480 2319 1555 2368 sunt
1579 2317 1626 2382 ut,
1648 2299 1686 2382 si,
1717 2311 1754 2376 15

495 2413 606 2500 lector,
620 2431 777 2504 expectes,
796 2413 852 2482 tibi
870 2435 931 2484 suo
946 2413 1020 2483 loco
1035 2437 1090 2504 per
1105 2413 1265 2498 ordinem,
1279 2413 1449 2505 diligenter
1467 2437 1630 2506 exponam
1640 2415 1685 2484 (¹).

547 2625 578 2681 (a)
592 2623 634 2669 Aa
647 2621 870 2680 incompositionem
883 2621 942 2682 repis
1015 2623 1047 2680 (b)
1063 2623 1106 2669 Bb
1119 2623 1178 2670 Nam
1193 2623 1305 2670 Mattheus
1377 2625 1410 2683 (c)
1426 2624 1467 2671 Bb
1480 2637 1525 2672 nou
1539 2625 1686 2685 praesentiam

493 2703 552 2763 repis
561 2704 600 2750 sed
610 2703 684 2750 callidi
698 2702 769 2749 bostis
778 2701 812 2748 sui
821 2701 915 2748 Tebaldi
925 2703 952 2748 de
962 2701 1063 2749 Bruaatr's
1072 2701 1165 2749 insidias
1173 2703 1256 2748 timens
1265 2715 1310 2748 non
1324 2704 1353 2750 ad
1362 2703 1449 2750 radices
1463 2703 1576 2750 montium
1599 2703 1632 2760 (d)
1647 2703 1687 2752 ut

493 2783 545 2836 iam,
557 2789 607 2842 post
621 2781 740 2830 citationes
753 2781 870 2841 plurimas,
883 2781 1041 2840 expectatione
1054 2781 1139 2828 iusum
1173 2783 1203 2838 (e)
1219 2782 1258 2828 ut
1271 2781 1357 2828 citur.
1372 2781 1441 2830 venit
1460 2782 1498 2830 bie
1506 2782 1622 2830 'rebaldus
1634 2785 1687 2829 sub-

493 2864 561 2911 dolus
573 2869 596 2910 et
608 2874 662 2908 cum
674 2861 717 2908 sibi
731 2861 835 2920 expedire
848 2862 932 2922 videet,
945 2874 1033 2920 sernper
1042 2861 1148 2908 simulare
1160 2874 1188 2908 ae
1197 2861 1339 2909 dissimulare
1352 2871 1428 2920 aptus,
1442 2872 1465 2910 et
1479 2862 1498 2909 ei
1513 2865 1605 2924 qnando
1619 2863 1687 2910 ullius

495 2945 597 2992 ionnnae
609 2955 674 2990 casus
683 2941 725 2989 sibi
734 2943 810 3001 magni
819 2941 921 3002 pauendi
934 2941 1025 2989 sceleris
1039 2951 1128 3002 ternpus
1139 2949 1218 3000 aptum
1227 2941 1318 2998 dederit,
1331 2941 1361 2988 nli
1373 2955 1480 3002 umquem
1494 2943 1632 2990 intentatum
1645 2943 1687 2988 lin·

494 3035 572 3082 quens,
585 3023 671 3082 primus
683 3030 758 3068 tarnen
772 3023 925 3081 Guelphorunt
938 3023 1049 3068 morantis
1062 3023 1149 3068 italiam
1162 3021 1222 3080 τῲ
1236 3021 1304 3080 pedes
1318 3023 1435 3080 ampiexus
1446 3022 1559 3078 artemii
1573 3024 1608 3070 sni
1619 3023 1685 3070 finem

494 3101 589 3160 supplici
599 3113 656 3148 voce
665 3113 755 3160 rogans.
789 3101 833 3147 boc
846 3101 916 3148 sensit
925 3107 1002 3147 rector
1015 3099 1111 3154 Brixiae,
1121 3101 1190 3144 immo
1199 3099 1267 3146 etiam
1281 3101 1348 3146 certis
1357 3101 1511 3158 exploratibus
1523 3100 1578 3156 auis,
1589 3113 1630 3148 nec
1641 3113 1685 3147 non

493 3181 618 3228 amicorum
626 3181 696 3229 literis
704 3191 772 3241 atque
781 3181 870 3228 nunciis
878 3189 1009 3239 perceperat
1017 3193 1092 3238 regern
1100 3179 1207 3226 annuisse
1220 3179 1325 3239 precibus
1333 3179 1403 3226 bostis
1412 3179 1455 3236 atri,
1464 3179 1547 3240 quippe
1554 3188 1631 3226 certus
1640 3189 1686 3227 erat

493 3261 582 3308 animus
595 3261 655 3320 regis
669 3261 750 3320 ubique
759 3262 807 3307 sine
816 3261 863 3307 nilo
877 3261 1009 3306 discrimine
1022 3259 1068 3306 auia
1081 3259 1169 3306 civibus
1182 3259 1280 3318 integras
1293 3261 1359 3306 urbes
1373 3259 1457 3307 iacere.
1493 3260 1558 3306 euius
1571 3259 1603 3305 rei
1617 3271 1686 3306 causa

494 3349 540 3384 non
550 3337 641 3384 modico
649 3351 733 3396 pavore
747 3351 873 3396 peccans,
882 3337 927 3384 iarn
940 3338 1028 3385 connis
1041 3337 1124 3384 audatis
1131 3338 1231 3396 partibus
1245 3339 1402 3394 Lombardise,
1416 3338 1504 3386 invitus
1516 3338 1650 3398 cotupamlt,
1664 3347 1687 3386 et

493 3417 564 3464 tristis
576 3431 603 3464 ac
613 3418 676 3463 vulto
686 3417 778 3465 nubilus
786 3419 814 3463 ad
824 3425 970 3475 conspectum
980 3417 1047 3476 regie
1054 3417 1131 3475 ibique
1139 3416 1265 3464 'lebaldum
1273 3417 1509 3478 frequentisperfldiae
1518 3430 1545 3464 ac
1553 3417 1687 3478 proditionis

494 3509 612 3554 accusans,
623 3497 718 3556 plurima
732 3498 820 3556 saepius
830 3497 890 3556 rupti
900 3496 998 3544 foederis
1012 3509 1041 3544 ae
1052 3497 1147 3544 violatae
1156 3497 1219 3556 pacis
1229 3497 1363 3544 ducuntutta
1374 3498 1464 3556 publica
1475 3497 1565 3556 projicit
1578 3497 1687 3556 principia

492 3585 546 3623 ante
554 3577 628 3636 pedes,
637 3575 770 3623 Fredericos
780 3577 905 3623 Gibeiiinos
917 3577 946 3622 ad
959 3577 1009 3623 eius
1021 3589 1122 3622 rnensarn
1135 3577 1256 3623 crudeliter
1268 3589 1347 3624 caesos
1361 3585 1444 3630 narrat,
1458 3577 1516 3624 inter
1529 3589 1587 3636 quoa
1600 3589 1686 3623 novum

494 3669 601 3715 mutam
616 3656 744 3704 nominans:
764 3669 822 3702 enee
835 3657 935 3712 viduare,
949 3657 1031 3716 inquit,
1045 3655 1115 3704 filiunt
1129 3668 1193 3703 suam
1216 3657 1290 3704 timuit
1304 3671 1372 3717 quam
1385 3657 1489 3703 dolosum
1509 3669 1536 3702 ac
1555 3656 1686 3715 pestilernrn

494 3737 576 3796 pignus
589 3737 650 3794 pacis
664 3735 755 3782 dederat
768 3735 889 3783 Frederieo
905 3737 980 3783 iuveni
995 3736 1101 3796 magister
1113 3737 1155 3784 iste
1172 3738 1285 3784 scelernm
1298 3750 1326 3784 ac
1343 3737 1453 3796 purim
1465 3737 1614 3794 proditorum,
1628 3749 1687 3796 quoa

494 3823 553 3862 terra
566 3815 668 3861 sustinet.
703 3813 1046 3874 quamtumcunque·
1062 3817 1206 3872 machinavit,
1219 3825 1241 3864 et
1255 3815 1309 3863 iecit
1324 3825 1434 3864 uectatus
1447 3815 1586 3874 innumeros,
1599 3817 1686 3863 subitos

494 3895 596 3950 impitus,
605 3907 632 3941 ac
646 3903 745 3952 pausus
753 3895 880 3942 vicinorum
889 3897 969 3943 cades
978 3905 1056 3943 ounua
1066 3897 1152 3944 iuratae
1160 3897 1223 3956 pacis
1237 3897 1337 3952 foedera,
1351 3909 1450 3956 quorum
1463 3898 1575 3956 scriptura
1584 3899 1686 3944 noudum

494 3985 541 4022 erat
554 3967 646 4022 siccai'·
680 3977 717 4022 cui
734 3989 785 4024 rea:
806 3985 847 4023 net
861 3989 903 4022 una
916 3977 1012 4023 iniurias
1027 3985 1050 4023 et
1062 3977 1160 4024 offensas
1173 3979 1274 4036 tulimus,
1287 3991 1301 4024 a
1316 3979 1399 4036 quibus
1417 3979 1566 4036 maturodmn
1578 3977 1602 4024 in
1622 3991 1686 4024 suam

494 4057 590 4116 predam
602 4057 747 4104 redeuntibus
759 4057 874 4104 beneficiis
883 4059 937 4104 victi
951 4071 1038 4112 sumus,
1047 4067 1069 4104 et
1083 4071 1141 4118 quos
1151 4066 1176 4105 nt
1190 4059 1265 4106 boues
1278 4059 1374 4114 odimus,
1387 4061 1424 4119 pia
1433 4061 1611 4106 meotecoiimus
1625 4059 1686 4105 reiut

494 4135 583 4184 batres
610 4136 668 4184 detis
676 4137 774 4190 tundere,
783 4149 926 4195 quaesumus,
936 4137 1037 4184 similiter
1044 4147 1066 4186 et
1075 4151 1117 4184 voa
1126 4139 1210 4186 mutuis
1220 4139 1308 4186 iniuriis
1316 4147 1338 4186 et
1347 4139 1448 4198 udentia,
1459 4147 1482 4185 et
1495 4139 1597 4200 proiecto
1605 4137 1686 4184 vestris

494 4229 586 4278 qnoque
599 4217 660 4264 Deus
673 4215 735 4264 dabit
748 4215 814 4262 tinctu
827 4215 919 4262 malua.
945 4219 974 4264 ad
988 4218 1043 4264 baec
1057 4217 1166 4276 principis
1180 4220 1247 4265 ruba
1261 4219 1363 4274 obticuit.
1375 4231 1402 4266 ac
1417 4229 1533 4279 utcunque
1547 4221 1638 4266 aedatua
1652 4225 1686 4265 eat
1774 4225 1782 4238 ·

529 4425 573 4494 (ι)
583 4423 695 4480 lotorno
706 4420 759 4478 ulla
768 4420 877 4494 duplice
889 4419 1034 4478 redarione
1042 4421 1070 4476 di
1082 4489 1090 4500 ,
1114 4421 1241 4478 contiene
1252 4421 1602 4496 ilcap.llelV1,ealiatto
1612 4421 1688 4494 inop-

495 4517 591 4578 questo
606 4503 726 4580 capitolo
738 4505 851 4578 veggasi
865 4504 893 4561 la
907 4503 1069 4578 prefatione.
1114 4517 1232 4580 portuno
1242 4523 1258 4561 a
1267 4519 1363 4580 questo
1375 4506 1470 4580 luogo,
1479 4519 1597 4562 trassero
1609 4505 1686 4578 largo

495 4589 532 4644 Di
546 4601 642 4662 questo
657 4601 796 4658 ramento,
812 4601 887 4646 certo
905 4589 1069 4662 importante
1114 4589 1224 4664 profitto
1251 4591 1288 4663 gli
1312 4593 1404 4646 storici
1428 4591 1457 4646 di
1480 4591 1598 4647 Brescia.
1643 4589 1686 4646 Ci.

496 4689 544 4746 per
568 4671 595 4728 la
618 4673 702 4730 storia
720 4673 870 4740 bresciane,
892 4691 938 4730 ma
957 4674 1070 4740 chese-
1113 4685 1154 4730 tra
1170 4671 1207 4746 gli
1222 4673 1533 4740 domnoniensem
1548 4675 1685 4738 bresciane,

496 4756 587 4812 condo
605 4757 662 4822 noi,
679 4757 766 4812 riesee
783 4758 878 4814 inutile
896 4774 944 4831 per
967 4769 1069 4831 quanto
1114 4756 1243 4826 V1,284;
1263 4757 1380 4824 Brescia,
1402 4757 1477 4830 1856.
