3860 5890
539 594 599 660 ¹28
1010 608 1255 667 nrsronrn

533 835 627 902 armis
647 833 761 902 demtis
779 857 813 902 se
833 833 995 904 dedissent
1024 835 1141 917 stratis,
1164 852 1237 902 ante
1261 835 1340 903 lucis
1360 853 1468 903 ortum
1488 832 1624 923 vigilans
1649 831 1726 900 altae

533 949 624 1017 turris
643 967 750 1018 custos
773 948 945 1018 vociferat:
975 975 991 1013 e
1010 949 1098 1017 ardet
1120 948 1225 1017 ebrius
1244 947 1373 1039 ignibus
1392 947 1508 1018 Padus.
1555 969 1643 1015 arma
1661 947 1726 1029 citi;

505 1063 507 1070 '
533 1067 598 1132 iam
622 1063 714 1132 nobis
732 1065 901 1154 propinqui
917 1083 1002 1146 sunt,
1018 1066 1118 1155 capite
1142 1087 1230 1132 arma
1245 1091 1277 1132 u.
1324 1066 1430 1155 itaque
1449 1063 1565 1154 quibus
1581 1087 1618 1132 ea
1633 1080 1726 1132 nocte

534 1179 620 1250 urbis
643 1180 786 1249 custodia
804 1181 976 1248 commissa
1001 1197 1077 1263 erat,
1101 1181 1219 1271 quique
1237 1182 1334 1271 quieti
1358 1180 1422 1250 dati
1445 1197 1545 1262 erant,
1569 1181 1602 1249 in
1626 1203 1726 1248 unum
1752 1216 1795 1282 40

532 1320 602 1366 sese
621 1315 748 1366 coeunt.
796 1296 913 1366 Galeaz
928 1297 978 1366 his
997 1299 1140 1387 stipatus,
1158 1299 1313 1387 primores
1332 1319 1476 1381 suonam,
1495 1296 1623 1386 reliquis
1642 1319 1726 1364 seor·

533 1435 606 1480 sum
626 1434 694 1479 esse
718 1413 819 1494 iussis,
840 1411 987 1481 consulit.
1033 1431 1109 1481 tunc
1132 1413 1265 1480 Yvanus
1289 1409 1462 1481 invadendi
1487 1433 1569 1501 quos
1598 1411 1727 1484 volebat

534 1527 738 1594 occasionem
758 1544 880 1608 nactus,
896 1527 1016 1616 inquit:
1041 1549 1129 1595 ocur
1147 1549 1215 1594 non
1234 1527 1304 1611 hos,
1327 1549 1409 1616 quos
1432 1527 1537 1616 primo
1557 1529 1727 1609 sensimus,

533 1641 748 1730 occupamus?
794 1659 948 1708 armatam
976 1641 1110 1710 classem
1142 1659 1175 1710 et
1197 1663 1257 1709 nos
1287 1639 1442 1710 habemus
1469 1668 1500 1710 u.
1546 1640 1625 1711 dum
1649 1643 1727 1713 haec

533 1759 639 1827 Yvani
669 1777 762 1848 atque
797 1757 857 1826 alia
886 1759 1125 1828 consulentium
1144 1757 1280 1826 aliorum
1305 1761 1527 1828 examinantur
1549 1759 1645 1845 dicta,
1673 1763 1726 1850 qui
1753 1793 1793 1858 45

532 1877 566 1942 in
590 1873 726 1943 turribus
751 1875 994 1964 speculabantur
1024 1878 1087 1942 iam
1107 1875 1285 1944 lucescente
1308 1874 1485 1945 vociferant
1511 1874 1596 1944 hand
1615 1879 1727 1967 procul

533 1990 645 2081 plenos
675 1989 820 2060 hostibus
851 2012 981 2080 campos
1005 2013 1085 2074 esse,
1109 1989 1224 2060 deinde
1243 1991 1449 2082 Papiensium
1472 1993 1563 2081 signa
1588 2015 1725 2061 cernere.

534 2125 611 2174 tunc
634 2106 750 2176 Galeaz
772 2106 954 2175 Vassallum
977 2104 1017 2175 de
1041 2106 1140 2175 Desio
1165 2105 1378 2175 collateralem
1402 2129 1509 2191 suum,
1530 2107 1609 2198 quid
1631 2129 1726 2198 agant

534 2243 641 2310 quove
671 2222 782 2291 ordine
806 2221 913 2290 hostes
937 2224 1068 2291 veniant
1086 2222 1284 2312 speculatum
1303 2223 1409 2291 mittit.
1455 2223 1507 2290 ille
1530 2223 1639 2292 hostes
1657 2223 1727 2314 plus

535 2339 687 2428 opinione
717 2339 913 2430 propinquos
943 2339 1102 2429 reperiens
1129 2338 1214 2408 illico
1243 2338 1347 2421 rediit,
1370 2361 1435 2428 quo
1465 2338 1598 2430 pedites,
1620 2363 1726 2430 quove
1754 2369 1799 2434 50

534 2455 655 2545 equites
678 2455 789 2523 ordine
812 2456 942 2524 veniant
967 2454 1118 2524 referens.
1183 2455 1436 2538 «acceleremus,
1466 2456 1586 2544 inquit;
1606 2455 1645 2523 ad
1668 2479 1726 2525 nos

535 2570 622 2640 velut
640 2569 680 2639 ad
698 2570 848 2661 praedam
867 2571 1075 2640 tumultuario
1092 2573 1221 2661 agmine
1237 2571 1381 2640 veniunt.
1427 2569 1514 2640 nulla
1530 2569 1622 2640 nobis
1637 2594 1727 2639 mora

535 2704 602 2756 tuta
621 2704 669 2756 est
684 2711 716 2754 n.
748 2687 928 2776 praemissis
946 2688 1043 2776 igitur
1061 2685 1230 2775 peditibus,
1249 2685 1366 2756 Galeaz
1390 2687 1571 2755 cumomni
1588 2687 1727 2776 equitatu

534 2827 591 2892 per
607 2821 733 2893 portam
756 2801 795 2870 de
814 2821 910 2871 strata
929 2802 992 2870 alta
1015 2819 1126 2871 contra
1143 2803 1208 2871 iam
1227 2803 1424 2892 propinquos
1448 2803 1588 2892 erumpit
1610 2803 1726 2871 hostes.

534 2919 639 3008 primo
674 2936 781 2988 autem
812 2919 974 3008 utriusque
996 2919 1092 3010 partis
1122 2915 1266 3007 peditum
1290 2939 1360 2986 sese
1383 2918 1546 2986 incursant
1574 2919 1655 2986 acies
1682 2917 1726 2986 (¹).
1755 2945 1797 3012 55

536 3032 686 3104 Gibellini
698 3053 818 3102 temere
834 3035 999 3102 venientes
1011 3032 1177 3123 Guelphos
1192 3056 1259 3103 non
1273 3056 1407 3102 suorum
1419 3033 1564 3122 equitum
1576 3035 1643 3102 acie
1654 3031 1728 3102 sub-

533 3170 686 3242 sequente
709 3150 792 3219 illico
806 3149 949 3218 turbatos
968 3149 1118 3234 fundunt,
1136 3152 1191 3240 qui
1215 3149 1294 3218 nihil
1313 3151 1431 3232 minus,
1453 3172 1550 3239 quam
1567 3168 1728 3219 utcontra

534 3289 568 3334 se
588 3265 695 3334 hostes
718 3283 921 3354 erumperent
943 3283 1123 3334 metuentes
1148 3263 1229 3333 adeo
1252 3282 1481 3354 processerant,
1500 3282 1535 3332 ut
1558 3286 1727 3354 erumpen-

534 3383 615 3450 tium
630 3382 787 3472 impetum
803 3381 902 3450 vitare
922 3404 988 3450 non
1004 3401 1147 3471 possent,
1162 3381 1292 3450 absente
1309 3382 1411 3450 immo
1426 3381 1594 3470 ignorante
1610 3382 1727 3451 comite

536 3497 617 3566 duce
636 3519 708 3580 suo,
731 3519 829 3587 quem
852 3497 967 3566 Simon
991 3495 1031 3566 de
1050 3498 1080 3566 la
1099 3498 1204 3566 Turre
1222 3496 1382 3568 Gnidonis
1400 3495 1484 3568 filius
1502 3497 1635 3566 exulum
1658 3499 1727 3566 Me·
1756 3503 1800 3568 60

534 3613 655 3682 diolani
669 3613 703 3669 (⁸)
719 3613 865 3704 princeps
895 3637 1006 3684 secum
1035 3615 1068 3682 in
1093 3613 1268 3684 solitarium
1291 3613 1399 3682 locum
1418 3631 1554 3681 traxerat
1572 3612 1612 3681 ad
1631 3612 1727 3682 collo·

534 3731 647 3820 quium
665 3754 741 3799 cum
759 3731 893 3798 Simone
913 3730 1097 3799 Malvecino
1121 3749 1249 3800 auctore
1269 3728 1469 3820 proditionis,
1489 3751 1586 3818 quam
1602 3729 1636 3796 in
1652 3727 1727 3798 urbe

535 3867 605 3914 esse
636 3844 792 3913 asserebat
815 3863 947 3935 uterque
977 3845 1103 3914 Simon.
1149 3843 1396 3934 quibuscomes
1426 3845 1656 3914 incursantium
1678 3863 1729 3912 tu-

536 3960 675 4030 multum
690 3982 917 4050 armorumque
929 3961 1061 4030 audiens
1077 3961 1234 4030 sonitum:
1245 3958 1408 4043 «fortuna,
1423 3961 1535 4050 inquit,
1548 3982 1630 4049 quae
1645 3959 1730 4028 irrita

536 4077 614 4144 haec
630 4075 761 4144 consilia
786 4095 894 4146 nostra
912 4076 998 4161 fecit,
1017 4101 1078 4146 suo
1097 4099 1157 4146 nos
1178 4075 1312 4145 consilio
1331 4099 1418 4145 nunc
1437 4075 1482 4144 uti
1503 4073 1590 4144 volet
1605 4102 1636 4144 s.
1682 4077 1729 4142 in·
1758 4080 1800 4164 65

536 4190 639 4282 deque
657 4214 691 4259 se
715 4189 915 4275 subtrahens,
939 4191 1018 4260 dum
1042 4190 1288 4260 vociferantium
1308 4207 1518 4279 conspectum
1540 4189 1632 4278 petit,
1655 4211 1730 4256 suos

586 4441 622 4498 (ι)
638 4441 700 4486 Mur.
715 4439 767 4485 esui
782 4438 904 4486 Mediolani

570 4661 1111 4736 (runpudsmctumrlntoniumproe
1157 4677 1278 4717 «eorum
1304 4663 1408 4728 amicis,
1435 4673 1462 4715 et
1490 4672 1619 4734 ceperunt
1640 4677 1673 4715 ex
1692 4659 1731 4715 eis

537 4749 707 4816 «flaverunt,
725 4761 751 4804 et
780 4765 909 4822 magnam
935 4761 1054 4820 stragem
1073 4746 1112 4802 fe·
1158 4761 1255 4800 «ccc.
1271 4757 1298 4800 et
1313 4743 1385 4799 circa
1400 4755 1441 4798 tot
1456 4743 1652 4798 occiderunt».
1690 4741 1729 4796 lo.

536 4847 658 4890 «cerunt
676 4833 833 4906 (Gibellini)
856 4834 889 4888 de
914 4832 992 4888 dictis
1017 4831 1113 4886 extrin-
1158 4845 1194 4885 nn
1207 4829 1310 4886 Mussrs
1327 4827 1422 4884 Chron.
1437 4829 1547 4884 Placent.
1565 4826 1619 4882 loc.
1634 4827 1677 4882 cit

537 4917 632 4976 «seris
650 4917 815 4974 Placentinis
834 4929 861 4972 et
885 4915 1063 4988 Papiensibus
1086 4927 1113 4970 et
