3860 5890
527 569 588 637 124
994 565 1238 622 u1ston1n

527 815 543 852 u
562 786 639 876 quid
662 787 866 876 quaeritisin
917 805 949 854 at
971 785 1015 854 illi
1038 785 1185 877 superbia
1208 785 1305 875 pleni,
1325 785 1465 853 evidere
1483 783 1645 868 volumus,
1668 785 1716 852 in-

523 903 648 992 quiunt,
668 926 749 992 quae
773 904 806 972 in
825 902 1010 972 cancellaria
1025 903 1142 982 literae,
1158 903 1192 970 in
1208 923 1347 990 quorum
1363 900 1520 983 favorem,
1536 921 1716 990 quorumve

522 1019 695 1107 perniciem
723 1041 776 1086 eas
800 1019 956 1088 destinare
987 1019 1110 1087 conaris
1139 1043 1171 1086 n.
1218 1040 1323 1107 neque
1346 1015 1481 1106 amplius
1510 1018 1543 1084 iu
1566 1037 1717 1084 sermone

523 1133 648 1216 morati,
673 1132 713 1200 ad
737 1133 957 1202 cancellariam
980 1133 1077 1224 legati
1098 1133 1182 1222 regis
1205 1132 1351 1202 tendunt.
1398 1129 1441 1198 ibi
1464 1153 1639 1200 conversus
1663 1153 1716 1198 or-

523 1248 605 1318 dinis
620 1249 839 1318 Cisterciensis
855 1249 1011 1334 barbatus,
1027 1249 1190 1318 illiteratus
1202 1271 1275 1338 prae
1294 1271 1327 1316 se
1342 1247 1376 1304 (⁸)
1392 1269 1549 1337 magnum
1566 1269 1715 1315 acervum
1749 1275 1787 1342 15

522 1365 682 1434 literarum
706 1383 804 1448 tenet,
834 1387 912 1456 quas
936 1366 1056 1455 antiqui
1080 1365 1180 1433 moris
1204 1364 1309 1432 curiae
1333 1361 1534 1432 observantia
1556 1362 1638 1432 forte
1663 1384 1716 1453 pa-

522 1479 584 1570 pali
600 1479 684 1549 bulla
703 1498 786 1550 tecta
804 1505 902 1550 manu
925 1483 1042 1571 signat,
1058 1505 1099 1550 ne
1122 1480 1263 1549 literatus
1280 1502 1415 1549 munere
1439 1496 1492 1548 aut
1507 1499 1716 1568 personarum

523 1597 708 1686 acceptione
744 1615 908 1687 corruptus
938 1597 1130 1687 posteriores
1153 1594 1311 1685 prioribus
1334 1596 1519 1685 postpositis
1541 1594 1640 1663 literis
1664 1593 1718 1662 ali·

523 1711 653 1801 quando
677 1713 868 1802 praesignet.
930 1712 973 1781 ibi
996 1714 1120 1802 utrique
1153 1711 1296 1782 Gallicae
1324 1711 1428 1801 stirpis
1460 1733 1574 1800 regum
1600 1710 1717 1778 invisas

493 1829 683 1916 ‘reperiunt
714 1845 808 1918 atque
838 1829 951 1918 legunt
980 1827 1095 1911 literas,
1130 1827 1245 1917 quibus
1279 1829 1505 1917 imperatorem
1541 1825 1717 1894 Henricum
1746 1849 1790 1897 20

523 1965 663 2032 suosque
693 1965 861 2033 processus
885 1945 1008 2012 cunctis
1026 1942 1173 2012 fidelibus
1195 1942 1316 2034 papalis
1346 1942 1437 2011 favor
1454 1939 1717 2011 recommendare

525 2058 606 2126 velle
636 2057 813 2142 videbatur,
835 2058 1001 2128 suadendo
1025 2077 1059 2128 ut
1083 2058 1188 2128 eidem
1215 2057 1350 2128 fideliter
1383 2057 1560 2126 obedirent.
1605 2057 1717 2124 harum

525 2196 597 2263 pars
619 2175 695 2256 iam,
721 2197 791 2264 pars
811 2174 959 2244 nondum
981 2175 1135 2266 sigillatae
1155 2194 1260 2259 erant;
1280 2197 1394 2244 omnes
1417 2192 1527 2243 tamen
1551 2173 1591 2242 ad
1614 2173 1717 2264 ponti·

524 2286 593 2355 ficis
616 2289 827 2376 praesentiam
856 2288 961 2359 ferunt
984 2311 1100 2381 easque
1124 2313 1199 2359 cum
1222 2290 1443 2381 indignatione
1465 2289 1506 2359 ad
1528 2287 1624 2379 pedes
1651 2289 1719 2356 eius

525 2422 689 2494 spargunt.
740 2403 892 2472 «haecne
906 2427 964 2495 pro
981 2406 1101 2474 meritis
1124 2405 1255 2475 reddere
1271 2404 1425 2476 beneficia
1439 2405 1591 2476 didicistis
1606 2427 1718 2474 eorum
1747 2427 1790 2495 25

526 2516 635 2586 hostes
666 2537 836 2602 armantes,
865 2542 1002 2609 quonam
1022 2519 1292 2610 praedecessores,
1315 2545 1382 2591 non
1406 2522 1532 2590 modica
1555 2521 1718 2610 sanguinis

526 2633 693 2717 effusione,
707 2634 867 2703 Ecclesiae
885 2636 1024 2726 pericula
1042 2655 1074 2704 et
1092 2638 1222 2706 iniurias
1245 2637 1492 2728 propulsarunt?
1531 2636 1717 2706 credebatue

528 2747 665 2817 Carolus
692 2748 770 2817 olim
794 2769 904 2819 contra
927 2749 1134 2820 Manfredum
1161 2753 1377 2822 Tarentinum
1400 2752 1544 2842 aliosque
1574 2773 1717 2843 persecu-

527 2880 614 2931 tores
628 2865 637 2956 l
653 2864 812 2934 Ecclesiae
826 2887 860 2934 se
875 2889 1055 2956 opponens,
1074 2885 1208 2958 nepotes
1223 2869 1291 2938 eius
1306 2866 1480 2959 rectoribus
1499 2868 1608 2956 ipsius,
1621 2889 1718 2958 quam

528 2981 652 3069 saepius
679 2980 835 3065 liberavit,
858 2982 1016 3051 Ecclesiae
1039 2984 1085 3052 sic
1103 2983 1255 3053 tractari?
1300 3007 1356 3053 cur
1381 3006 1449 3053 non
1472 2985 1504 3052 in
1531 3006 1630 3073 quem
1647 3005 1718 3072 pro·
1748 3004 1793 3070 30

528 3094 628 3162 tervia
649 3117 706 3164 sua
721 3097 816 3165 traxit
831 3096 987 3166 Bonifacii
1010 3121 1110 3189 papae
1125 3120 1216 3168 casus
1234 3116 1266 3168 te
1286 3099 1420 3168 docuit?
1466 3117 1549 3168 certe
1565 3099 1591 3166 si
1615 3099 1718 3167 alieno

530 3207 637 3278 doceri
668 3213 770 3280 nescis
794 3214 955 3302 exemplo,
980 3213 1059 3282 alios
1090 3213 1218 3283 docebis
1241 3233 1298 3284 tuo
1322 3241 1353 3282 n.
1400 3214 1450 3284 bis
1474 3214 1605 3304 aliisque
1635 3215 1719 3282 duris

529 3327 731 3397 sermonibus
746 3330 853 3398 omnis
869 3331 1053 3400 Germanici
1071 3331 1222 3421 principis
1241 3331 1400 3400 extinctus
1418 3330 1522 3414 favor,
1540 3329 1719 3421 fauorisque

529 3440 637 3512 literae
660 3444 794 3514 reiectae
813 3463 898 3528 sunt,
923 3468 1027 3536 neque
1059 3470 1168 3516 earum
1192 3447 1321 3516 ulterius
1352 3449 1475 3516 mentio
1501 3447 1571 3516 fuit.
1617 3448 1720 3514 immo

530 3557 562 3624 in
591 3561 784 3628 contrarium
811 3559 1000 3630 mandatum
1032 3562 1243 3651 apostolicum
1273 3561 1443 3632 obtentum
1466 3581 1525 3646 est,
1547 3586 1603 3653 per
1635 3561 1720 3654 quod
1750 3579 1793 3646 35

530 3672 713 3762 imperatori
728 3672 899 3745 inhibitum
912 3695 960 3745 est
979 3700 1019 3745 ne
1034 3700 1145 3768 regem
1169 3679 1347 3749 Robertum
1361 3678 1492 3747 invadat
1515 3697 1609 3767 atque
1626 3679 1720 3747 armis

530 3786 667 3872 infestet,
688 3791 872 3881 praecipuae
884 3793 919 3860 in
938 3814 1040 3883 regno
1055 3793 1200 3884 Apuliae,
1215 3795 1302 3885 quod
1319 3795 1477 3864 Ecclesiae
1492 3795 1717 3884 patrimonium

531 3919 579 3970 est
593 3901 637 3972 (¹).

583 4097 619 4152 (ι)
633 4095 693 4142 Mur.
708 4109 775 4154 penes
789 4111 813 4144 re

567 4273 610 4344 (1)
627 4273 683 4329 Noi
698 4291 754 4329 non
770 4275 912 4348 sappiamo
927 4288 1028 4350 quanta
1043 4275 1104 4332 sede
1150 4279 1266 4334 nitiva
1293 4293 1390 4336 contro
1405 4297 1434 4336 re
1453 4281 1588 4337 Roberto:
1606 4301 1621 4332 e
1631 4282 1723 4337 decre·

532 4357 658 4414 meritino
685 4359 695 4414 i
722 4358 877 4432 particolari
895 4359 1105 4416 dell’intervisra
1152 4375 1234 4417 ctum
1263 4377 1304 4419 est
1328 4363 1433 4436 legatos
1461 4365 1495 4420 ad
1523 4383 1621 4438 papam
1643 4363 1721 4436 dirigi

530 4454 571 4497 tra
584 4441 622 4514 gli
634 4443 827 4498 ambasciatori
836 4444 863 4498 di
872 4443 979 4518 Filippo
993 4445 1010 4500 il
1026 4444 1104 4502 Bello
1150 4463 1240 4502 «cum
1267 4448 1349 4520 regiis
1377 4449 1538 4522 rescriptis»
1575 4449 1623 4521 (ci.
1654 4449 1720 4504 Aru.

531 4541 546 4580 e
566 4527 583 4581 il
603 4525 765 4583 cancelliere
791 4528 933 4602 pontificio
952 4531 998 4603 qui
1019 4529 1104 4587 riseri·
1149 4530 1297 4600 Mussrro,
1315 4533 1389 4600 xvl,
1411 4535 1482 4589 rubr.
1497 4533 1528 4603 r).
1564 4533 1586 4588 ll
1601 4534 1722 4590 Mussato

530 4609 592 4676 tici3
613 4621 690 4668 tanto
708 4611 754 4685 piu
774 4612 825 4668 che
843 4611 872 4668 lo
891 4615 1014 4670 scrittore
1039 4631 1103 4688 pare
1149 4627 1237 4672 stesso
1255 4617 1292 4672 ha
1309 4616 1466 4692 pubblicato
1485 4616 1512 4673 la
1530 4617 1625 4674 lettera
1649 4617 1723 4690 regia

531 4693 619 4749 molto
637 4709 822 4769 preoccupare
840 4713 856 4751 a
876 4699 1003 4766 cercarvi,
1017 4717 1033 4754 e
1047 4715 1104 4755 non
1149 4715 1301 4774 presentata
1320 4719 1335 4756 a
1355 4703 1499 4760 Clemente
1518 4703 1551 4771 V,
1570 4703 1678 4760 nonche
1697 4701 1723 4756 la

531 4793 612 4834 mura
630 4777 719 4846 letica,
746 4779 772 4836 la
799 4793 865 4838 nota
883 4786 1004 4852 conten
1029 4797 1105 4840 certo
1149 4787 1658 4864 enciclicspontificiadel9luglio,in
1671 4787 1723 4856 cui,

532 4865 554 4918 si
573 4867 588 4918 b
608 4863 659 4920 che
680 4866 755 4940 dopo
773 4866 800 4922 la
819 4867 991 4924 Sentenza
1017 4869 1104 4925 deii·
1149 4887 1229 4926 senaa
1246 4873 1435 4930 direttamente
1451 4873 1625 4930 condennare
1637 4871 1721 4948 l'ope·
