3860 5884
487 565 530 650 56
965 577 1212 635 utstontn

485 800 577 872 tium'
591 804 749 893 impeturn
776 824 852 871 cum
874 804 983 892 paucis
1007 803 1120 873 frustra
1135 803 1170 860 (⁸)
1196 803 1353 872 sustinere
1383 822 1550 885 conantur,
1582 802 1687 874 tardae

486 942 647 988 memores
677 918 773 1010 fugae
803 917 900 988 luisse
930 919 1081 989 videntur
1089 945 1098 1003 ;
1131 943 1208 988 nam
1239 921 1427 1012 Philippus,
1448 943 1533 1011 equo
1561 938 1685 1006 stratus,

485 1037 672 1118 semivivus,
686 1035 740 1105 diu
755 1037 838 1106 inter
857 1035 1011 1106 cadavera
1023 1035 1157 1127 plebeia,
1170 1037 1322 1128 spoliatus
1342 1037 1438 1106 armis
1457 1056 1552 1129 atque
1571 1037 1686 1120 nudus,
1716 1063 1760 1129 30

485 1155 581 1223 iacuit
609 1153 689 1222 duro
719 1152 801 1222 solo.
847 1154 1000 1226 Rizardus
1028 1154 1102 1226 inde
1128 1154 1257 1239 tardior,
1282 1153 1320 1223 ab
1352 1155 1540 1223 instantium
1567 1153 1687 1223 furioso

486 1272 606 1360 impetu
627 1289 803 1360 utcumque
822 1269 1000 1340 subtractus
1019 1271 1065 1354 Φ),
1084 1269 1182 1361 pedes
1201 1271 1234 1339 in
1254 1269 1415 1340 Guidonis
1424 1270 1561 1339 domum
1576 1271 1685 1352 evasit,

485 1387 583 1456 tutior
606 1384 708 1458 lactus
726 1386 832 1456 clausa
855 1405 956 1478 porta.
999 1385 1115 1456 deinde
1130 1385 1263 1457 invalidi
1280 1384 1440 1457 Guidonis
1460 1386 1579 1454 lectum
1598 1385 1686 1476 petit,

486 1507 536 1574 cui
560 1503 646 1574 haud
670 1503 837 1574 modicum
860 1521 1060 1594 opportunus
1083 1505 1182 1588 venit,
1206 1505 1363 1572 nuncians
1385 1501 1527 1572 suuml‘)
1552 1503 1686 1572 miserri-

486 1644 578 1688 mum
608 1644 729 1690 casum.
784 1621 888 1690 thinc
921 1643 1061 1711 prorsus,
1080 1621 1195 1711 inquit,
1229 1618 1414 1688 abeundum
1441 1637 1498 1688 est.
1545 1617 1686 1687 hosticus
1715 1643 1756 1710 35

485 1739 574 1809 furor
587 1757 662 1829 post
676 1757 807 1807 tuorum
828 1757 918 1827 terga
933 1736 1041 1827 gladio
1057 1737 1160 1806 ruit».
1207 1758 1275 1806 non
1290 1735 1380 1825 plura
1399 1737 1557 1826 inquiens,
1578 1735 1686 1804 invali-

388 1889 390 1896 ·
486 1855 564 1925 dum
579 1856 693 1926 electo
717 1854 809 1936 tollit,
826 1875 936 1944 quem,
952 1854 1095 1922 vicinum
1113 1876 1242 1922 murum
1257 1851 1468 1936 parisiense),
1483 1874 1539 1942 per
1553 1849 1686 1920 hortalia

487 1973 672 2042 monasterii
698 1973 836 2055 Horoni,
860 1971 892 2038 in
918 1971 1108 2039 monialium
1126 1971 1279 2039 interiora
1302 1968 1420 2038 domus
1438 1991 1550 2038 secum
1573 1966 1685 2048 defert,

486 2089 540 2157 ubi
560 2088 668 2157 Guido
683 2111 717 2156 se
742 2088 842 2156 nimia
864 2087 1027 2156 vicinitate
1051 2105 1158 2155 tutum
1174 2087 1260 2178 nortl
1275 2104 1375 2177 putat.
1415 2088 1519 2153 immo
1538 2083 1613 2154 inde
1631 2107 1687 2174 per

485 2204 661 2272 multorum
680 2204 857 2295 posteriora
879 2201 1076 2272 sediminrtm
1100 2203 1133 2270 in
1156 2201 1295 2271 domum
1319 2201 1420 2270 fratris
1440 2199 1548 2271 Iacobi
1564 2200 1603 2269 de
1628 2201 1686 2268 Be·
1713 2223 1759 2292 4⁰

485 2319 597 2390 chalite
612 2319 657 2402 (θ),
672 2319 812 2410 religiosi
821 2319 931 2388 militis
948 2319 1059 2387 beatae
1072 2337 1103 2388 et
1113 2318 1274 2409 gloriosae
1286 2319 1429 2408 Virginis
1443 2319 1573 2400 Mariae,
1586 2337 1687 2386 trans·

486 2438 566 2507 latus
585 2455 643 2506 est.
690 2460 771 2526 quae
795 2434 924 2518 domus,
944 2433 1091 2523 distantia
1110 2435 1185 2518 loci,
1207 2433 1431 2525 quaerentibus
1448 2435 1555 2524 ipsum
1579 2433 1686 2500 minus

484 2572 632 2644 suspecta
650 2571 726 2622 erat.
757 2551 863 2634 ,tarda
882 2551 1027 2642 peditum
1047 2551 1139 2620 turba
1163 2551 1254 2620 latius
1279 2549 1431 2633 caeditur,
1454 2567 1486 2619 et
1508 2571 1686 2618 commune

486 2669 571 2739 urbis
591 2671 713 2738 crimen
734 2669 806 2739 luit.

554 2786 713 2854 XXVIII.
760 2787 803 2853 At
835 2785 1007 2868 Matteum,
1030 2807 1158 2853 summa
1180 2785 1303 2852 ratione
1332 2802 1364 2852 et
1387 2781 1480 2852 celeri
1504 2781 1639 2852 consilio
1652 2781 1686 2837 (ὓ

485 2927 592 2987 usum,
625 2903 657 2970 in
686 2919 776 2970 tanto
799 2923 908 2970 rerum
927 2899 1064 2985 turbine,
1083 2900 1187 2970 multo
1211 2923 1267 2990 spe
1290 2898 1413 2969 felicior
1431 2900 1560 2969 fortuna
1578 2919 1686 2970 secuta

484 3040 541 3090 est.
588 3041 667 3088 nom
685 3019 791 3108 primo
816 3040 979 3086 armorum
995 3017 1137 3099 fremitu,
1155 3019 1342 3107 priusquam
1366 3016 1544 3086 horrisonis
1564 3017 1685 3085 civium

484 3136 617 3205 vocibus
632 3135 671 3205 ad
688 3157 775 3202 arma
795 3133 1005 3203 clamantium
1016 3131 1142 3216 audiris,
1155 3156 1223 3202 non
1235 3133 1347 3202 solitae
1363 3131 1541 3202 calliditatis
1552 3132 1685 3214 oblitus,

484 3251 601 3322 Galeaz
624 3251 842 3342 primogenito
861 3273 931 3332 suo,
953 3273 993 3318 ne
1018 3271 1106 3318 arma
1129 3251 1231 3340 capiat
1250 3249 1418 3332 mandans,
1434 3273 1491 3340 per
1508 3249 1685 3342 posteriora
1715 3269 1734 3336 5

484 3367 601 3437 domus
631 3369 663 3436 in
692 3368 910 3458 propinquum
934 3368 1074 3458 episcopi
1104 3365 1287 3436 Tridentini
1311 3366 1498 3456 hospitium,
1522 3367 1578 3458 qui
1607 3384 1685 3434 tunc

484 3503 550 3552 erat
573 3485 658 3572 regis
678 3483 894 3565 cancellarius,
917 3505 1062 3574 propere,
1085 3483 1195 3573 paucis
1214 3483 1249 3540 (ὅ)
1274 3483 1512 3566 comitantibus,
1537 3481 1686 3574 inermis!

484 3597 596 3682 tendit,
622 3599 683 3682 cui,
719 3598 788 3666 uad
807 3622 929 3688 regem,
948 3621 1080 3689 quaeso,
1099 3599 1213 3692 inquit,
1234 3623 1363 3668 mecum
1384 3601 1505 3684 venies,
1532 3597 1570 3668 ad
1596 3601 1685 3668 cuius

485 3735 600 3783 nutum
617 3715 724 3782 vivete
741 3734 836 3805 atque
857 3715 939 3782 mori
954 3734 1082 3804 paratus
1098 3737 1190 3800 sunt3
1211 3739 1286 3785 nam
1305 3717 1374 3786 sine
1390 3735 1422 3785 te
1434 3713 1623 3784 furibundos
1636 3715 1684 3782 in·

484 3830 586 3898 sultos
601 3853 726 3914 eorum,
746 3831 801 3921 qui
820 3853 897 3900 vota
917 3855 988 3900 mea
1008 3833 1166 3918 nesciunt,
1184 3835 1313 3916 timens,
1333 3856 1420 3903 nunc
1444 3855 1555 3901 meum
1579 3831 1684 3900 domi·
1718 3849 1761 3896 to

484 3969 565 4014 num
584 3967 651 4014 non
676 3946 842 4016 accedo».
889 3949 1007 4037 iraque,
1031 3949 1150 4019 comite
1175 3949 1373 4033 cancellario,
1392 3951 1531 4018 Matteus
1550 3971 1606 4039 per
1624 3946 1685 4015 fre-

484 4081 640 4153 quentem
662 4061 788 4132 turbam
813 4063 1038 4147 Theuronum,
1058 4065 1214 4156 trepidam
1234 4085 1311 4135 tunc
1333 4067 1416 4156 regis
1436 4063 1625 4148 custodiam,
1646 4061 1685 4133 ad

485 4181 594 4270 ipsum
612 4201 725 4269 regem
745 4197 875 4270 togatus
893 4181 992 4249 venit.
1039 4205 1105 4271 quo
1125 4181 1245 4264 habitu,
1273 4181 1395 4252 reddita
1413 4206 1480 4273 spe,
1500 4182 1605 4251 cuncti
1626 4203 1686 4250 un·

485 4295 579 4388 dique
604 4297 798 4386 gratulantes
818 4299 989 4380 Matteum,
1015 4299 1120 4366 cuncti
1143 4297 1273 4367 fidelem
1299 4317 1416 4368 vocant
1441 4299 1592 4368 amicum.

553 4414 679 4484 XXIX.
727 4416 770 4482 At
793 4412 847 4482 ubi
871 4437 926 4482 rex
947 4415 1107 4484 Matteum
1130 4414 1220 4498 vidit,
1243 4439 1343 4506 quem
1365 4418 1398 4484 in
1425 4440 1461 4486 se
1485 4415 1684 4507 conspirasse

484 4671 576 4717 ottonis
590 4671 649 4718 filins
666 4684 736 4730 nuper
749 4685 778 4718 ex
793 4672 886 4718 aduersa
901 4671 1002 4718 lectione
1015 4671 1144 4718 'Istrianos
1159 4672 1233 4720 laetor
1248 4673 1270 4718 in
1285 4673 1392 4722 conlllcm
1407 4675 1468 4723 etesi
1487 4683 1546 4720 sunt.
1576 4673 1686 4722 maudut

484 4751 550 4798 etium
564 4761 586 4797 et
601 4753 716 4812 Philippus
780 4757 809 4808 (a)
825 4753 864 4798 Bo
878 4753 985 4810 impeturn
1006 4753 1087 4798 frustra
1150 4755 1181 4810 (bl
1198 4753 1388 4812 Bbsubtrtctns,
1403 4757 1484 4802 relitto
1502 4769 1560 4814 equo
1574 4752 1686 4806 hostibus.

485 4832 553 4890 pedes
607 4831 690 4888 lcle
706 4833 817 4878 nuncians
834 4833 875 4878 sibi
895 4845 961 4878 tunm
1001 4833 1085 4892 (dle
1099 4845 1166 4892 quern
1184 4843 1300 4881 transacto
1315 4835 1390 4881 vicino
1408 4847 1473 4884 muro
1538 4837 1569 4896 (el
1583 4835 1625 4880 Aa
1640 4837 1684 4879 Bo·

485 4913 564 4958 cltalde
620 4915 649 4968 ll]
664 4913 867 4972 studentque
882 4913 930 4958 utili
945 4913 1040 4959 consilio
1096 4917 1129 4972 (g)
1143 4917 1184 4964 Aa
1199 4927 1251 4966 cum
1264 4915 1344 4982 ptueiq
