3860 5884
632 523 658 582 t.
688 523 745 580 na
774 521 1091 580 canussius.
1414 529 1454 598 53

256 749 401 820 studiosa
420 749 599 818 Turrianae
615 749 710 840 partis
726 749 819 831 foret,
836 749 961 818 vicinos
979 771 1055 818 suos
1072 767 1192 818 temere
1215 748 1257 820 ad
1276 747 1410 818 caedem
1423 751 1458 806 (⁴)

189 867 231 931 60
258 865 361 948 misit;
373 865 449 956 quia
464 866 568 932 immo
583 887 601 932 a
617 864 748 932 caeteris
767 865 864 954 ipsius
878 883 989 956 portae
1008 865 1087 932 vicis
1105 863 1223 948 subito,
1236 865 1332 955 raptis
1347 869 1456 948 armis,

256 981 319 1050 ruit
330 981 364 1050 in
377 980 439 1049 iata
456 981 564 1064 Vasta,
573 979 609 1035 (ι’)
624 1001 762 1071 quorum
778 979 869 1069 pauci
883 981 952 1048 sine
964 979 1096 1048 vulnere
1112 978 1276 1050 redierunt
1290 979 1458 1072 domumffl

324 1095 432 1164 XXV.
481 1097 578 1164 Erant
605 1113 713 1164 autern
737 1095 769 1164 in
786 1093 886 1164 nobili
913 1093 1034 1164 familia
1058 1094 1098 1164 de
1114 1097 1366 1166 Petrasanctai⁶i
1390 1097 1456 1166 duo

256 1208 387 1280 iratres:
407 1209 560 1282 Riaardus
579 1229 610 1279 et
626 1209 802 1302 Philippus,
821 1212 876 1300 qui
896 1211 1005 1280 mattis
1024 1211 1166 1302 plebeiae
1187 1234 1291 1294 causa,
1310 1213 1456 1302 germani

256 1329 304 1397 sui
325 1327 446 1398 Zarrini
469 1325 509 1396 de
528 1327 685 1416 Suriaque
704 1347 794 1418 capta
814 1327 1018 1412 haereditate,
1043 1327 1143 1397 factae
1167 1327 1273 1396 divitis
1297 1347 1329 1396 et
1352 1329 1457 1420 impe·

256 1445 371 1524 riosae,
389 1444 496 1534 potius
514 1466 613 1534 quam
632 1465 765 1514 suorum
784 1468 823 1512 ex
843 1445 902 1513 alia
922 1463 1022 1514 matre
1042 1467 1274 1534 germanorum
1295 1445 1455 1514 Francisci

209 1579 225 1646 5
256 1579 289 1628 et
308 1557 467 1630 Guidonis
485 1579 656 1650 sequentes
672 1579 776 1650 partes
795 1559 891 1642 velie,
910 1583 946 1629 ac
966 1561 1065 1629 totius
1081 1559 1263 1650 agnationis
1281 1582 1358 1630 suae
1378 1583 1455 1631 con·

256 1677 354 1760 narii,
374 1677 551 1746 Turrianae
569 1677 666 1766 partis
684 1675 788 1746 studia
801 1675 1007 1761 celebrarant,
1025 1699 1163 1768 semper,
1181 1695 1218 1746 ut
1236 1695 1417 1768 potuerant,
1437 1701 1454 1746 a

255 1793 411 1884 principio
430 1793 604 1863 iuventutis
623 1815 710 1862 suae.
746 1815 822 1862 nam
834 1793 1089 1884 archiepiscopus
1103 1793 1276 1876 Castonus,
1293 1794 1455 1882 Paganus‚

256 1907 451 1998 Raynaldus,
475 1908 655 1994 Adoardus,
680 1909 871 1978 Moschinus
894 1929 926 1978 et
950 1910 1098 1998 Napinus
1123 1909 1286 1978 Turriaoo
1318 1911 1454 1980 Moscha

255 2027 332 2108 nati,
352 2049 491 2118 quorum
511 2045 614 2096 muter
632 2025 733 2096 iuerat
753 2025 954 2118 Alegrancia,
976 2025 1075 2095 nobili
1097 2045 1129 2095 et
1151 2027 1281 2116 antiqua
1297 2027 1394 2118 stirpe
1414 2027 1454 2096 de

189 2157 227 2208 ro
256 2142 366 2216 Raude
383 2163 466 2226 nata,
484 2165 540 2212 eos
562 2142 733 2214 Rizardum
749 2161 782 2212 et
801 2143 997 2234 Philippum,
1015 2167 1053 2212 ea
1072 2161 1174 2212 matre
1191 2165 1249 2214 sua
1265 2142 1296 2213 id
1313 2144 1455 2229 volente,

254 2279 413 2330 traxerant
435 2258 475 2328 ad
494 2259 701 2330 dilectionem
724 2283 792 2328 non
821 2257 921 2328 modo
949 2259 1079 2343 domus,
1103 2261 1205 2330 immo
1230 2263 1327 2330 etiarn
1354 2262 1454 2331 totius

252 2377 350 2466 partis
368 2398 456 2446 suae.
502 2375 597 2444 huius
613 2394 680 2445 tam
699 2374 855 2445 fecundae
875 2375 985 2444 matris
1005 2377 1037 2443 in
1058 2375 1218 2446 Turriana
1240 2374 1341 2445 domo
1356 2379 1366 2470 Ι
1380 2377 1454 2446 Ale·

251 2493 399 2584 granciae
419 2491 597 2561 admodum
620 2491 752 2582 pulchra
776 2489 834 2560 fult
852 2493 1001 2582 genitrix,
1021 2515 1103 2578 quae
1122 2512 1196 2584 post
1215 2492 1315 2562 finem
1337 2494 1453 2564 nobilis

253 2611 310 2676 viri
326 2609 374 2678 sui
391 2609 425 2646 ”
440 2607 480 2677 de
497 2605 618 2688 Raude,
630 2607 757 2698 plebeio
768 2627 867 2698 nupta
882 2609 962 2690 seni,
979 2609 1092 2678 Zarrae
1107 2607 1147 2676 de
1163 2609 1329 2700 Suriaque,
1346 2611 1452 2700 ipsum

154 2723 157 2730 ’
186 2735 220 2802 ¹5
252 2723 396 2794 haeredis
420 2723 551 2794 avidum
568 2747 681 2814 parum
707 2744 780 2793 ante
804 2723 931 2794 obitum
956 2725 1087 2814 pulchra
1110 2726 1200 2816 prole
1225 2726 1344 2795 laetum
1369 2727 1451 2797 fecit.

251 2865 327 2910 nam
344 2842 426 2911 duos
445 2841 478 2910 in
499 2841 564 2930 ipsa
588 2840 711 2932 plebeia
729 2840 831 2910 domo
856 2839 940 2910 filios
960 2841 1081 2930 genuit,
1103 2839 1275 2912 Rizardum
1294 2841 1452 2935 (dictum)

250 2961 416 3038 humilium
433 2977 465 3027 et
478 2959 706 3028 Bonacossam.
747 2959 798 3026 hic
811 2959 959 3026 Zarrinus
972 2957 1051 3026 dum
1070 2959 1149 3028 olim
1160 2959 1341 3028 Turrianae
1356 2961 1452 3050 partis

302 3171 333 3226 (a)
349 3167 387 3212 Bb
401 3167 429 3212 ad
443 3169 565 3212 tumultum
623 3169 655 3222 ubl
672 3167 710 3212 lib
724 3165 791 3212 misit.
820 3179 833 3212 a
847 3165 941 3212 caeteris
956 3165 1023 3210 etiam
1033 3165 1104 3224 ipsius
1114 3175 1193 3222 portae
1209 3167 1265 3212 sicis
1279 3168 1363 3220 subito.
1380 3168 1452 3226 raptis

248 3249 325 3302 aruris,
340 3249 412 3294 ruitur
426 3249 449 3292 ln
463 3247 514 3292 latia
529 3247 599 3292 sestis
653 3249 686 3304 iri
701 3247 740 3292 Bb
753 3247 781 3292 de
796 3247 939 3292 Petrasancta
954 3257 999 3290 non
1020 3247 1095 3304 plnres
1109 3257 1177 3304 quam
1196 3247 1251 3296 duo.
1266 3245 1306 3304 qui
1320 3245 1450 3290 Turrianae

248 3329 318 3384 partis
330 3327 405 3372 studia
415 3335 568 3384 aequentur.
577 3325 684 3372 illaardua
694 3325 780 3372 scilicet
790 3333 811 3372 ei
825 3325 941 3382 Philippus
955 3323 1043 3372 iratres.
1071 3335 1144 3372 omma
1159 3325 1228 3372 totius
1237 3327 1312 3382 stirpis
1322 3327 1446 3374 multitudo

249 3417 334 3466 parram
345 3407 452 3452 nobilium
462 3417 539 3454 secuta
550 3406 621 3452 iuerat
632 3407 659 3450 ab
669 3407 770 3466 antiquo,
778 3413 800 3450 et
809 3417 869 3451 nanc
880 3407 979 3450 eamden
991 3405 1013 3450 in
1022 3405 1158 3452 Gibeilinam
1167 3419 1250 3452 nomen
1261 3415 1370 3454 mutatam
1380 3409 1447 3454 eeterl

248 3489 406 3546 sequebantur,
415 3487 481 3532 etiam
491 3487 626 3534 Franciarua
635 3495 656 3534 et
667 3485 743 3530 (luido
754 3485 854 3542 ipsorum
865 3485 950 3530 iiizardi
963 3493 985 3532 et
995 3485 1089 3543 Philippi
1103 3499 1131 3532 ea
1144 3485 1187 3532 alia
1199 3495 1269 3532 matre
1281 3487 1369 3536 iratres.
1398 3503 1449 3536 nam
1530 3508 1533 3520 ·

248 3571 363 3616 Bonamsa
373 3569 442 3628 plebei
452 3569 529 3616 divitis
536 3569 649 3628 quonism
658 3567 721 3614 Zarri
730 3568 758 3614 de
766 3567 878 3624 Suriaque
886 3575 947 3622 nata,
955 3567 1044 3614 Zarsini
1054 3567 1131 3614 iratris
1142 3569 1288 3616 somessione
1297 3573 1401 3630 auperba.
1410 3573 1448 3631 qul

246 3659 326 3710 capim
340 3651 362 3696 in
372 3647 477 3696 coniitia
486 3663 531 3706 quo
540 3649 612 3695 Caeso
619 3649 647 3694 de
655 3649 676 3693 ia
685 3647 759 3693 Turre
769 3647 860 3700 cecidit,
870 3646 893 3692 ln
903 3659 993 3694 camere
1003 3647 1082 3694 morbo
1089 3657 1188 3706 sumpto,
1198 3648 1246 3694 sine
1255 3649 1330 3696 liberis
1339 3651 1387 3698 sits
1397 3651 1448 3698 iun·

246 3739 297 3776 etus
306 3731 362 3776 trane
372 3743 500 3789 germanam
510 3743 574 3776 auam
584 3731 619 3774 aui
629 3727 788 3776 serisdlsitem
800 3728 891 3774 iecerat.
911 3729 993 3774 horum
1004 3729 1092 3774 iiiaardi
1100 3737 1121 3774 et
1130 3729 1225 3788 Philippi
1235 3739 1306 3776 unt«
1315 3741 1372 3778 erat.
1393 3733 1449 3779 haee

245 3825 374 3870 gemamus
389 3811 500 3858 uterinam
510 3811 581 3857 solam
593 3809 697 3856 nobiliori
708 3810 777 3855 domo
791 3817 867 3856 natam
876 3809 990 3860 habsserat.
1001 3817 1079 3868 utpote
1088 3809 1116 3856 de
1124 3809 1194 3870 stirpe
1205 3811 1298 3870 antiqua
1309 3813 1338 3858 de
1348 3812 1449 3870 itisaude,

244 3903 302 3950 qaae
316 3893 369 3950 quia
384 3899 480 3950 utroqau
494 3897 586 3948 parente
601 3889 689 3942 nobilia,
703 3897 728 3934 ut
741 3889 789 3934 sola
812 3887 920 3946 genitoris
939 3889 1025 3940 haeres,
1043 3888 1184 3946 Napoleonis
1202 3901 1284 3944 nurus,
1305 3897 1384 3948 utpote
1402 3891 1448 3938 filio

244 3969 292 4014 eius
306 3969 414 4014 biaschae
428 3981 485 4014 uxor
499 3977 591 4026 att-epta
605 3975 648 4015 eat.
676 3967 727 4013 inde
744 3967 858 4013 &nonus
872 3979 932 4012 nune
951 3966 1143 4025 archiepiscopus,
1162 3975 1184 4014 et
1202 3969 1270 4014 reteri
1291 3971 1371 4016 iratres
1389 3969 1447 4026 eiua,

244 4059 342 4106 quorum
355 4051 441 4094 mentio
455 4049 514 4094 laeta
528 4055 571 4104 est,
586 4047 632 4094 nati
648 4055 708 4094 aunt.
743 4045 765 4091 iri
779 4055 830 4104 post
844 4053 938 4092 mortem
953 4046 1040 4100 matris,
1054 4059 1114 4105 qnae
1127 4047 1223 4096 decessit
1237 4049 1297 4102 esui.
1313 4049 1335 4094 in
1350 4051 1446 4108 patriam

244 4129 330 4174 seeum
344 4129 421 4174 nescio
434 4141 481 4188 quo
494 4137 567 4186 meto,
581 4139 656 4186 quase
669 4129 763 4178 ratione.
772 4141 812 4172 eos
822 4126 942 4172 ilirardum
951 4135 973 4174 et
985 4127 1112 4186 Philippum
1126 4141 1171 4174 non
1183 4129 1252 4174 modo
1262 4129 1290 4175 ad
1300 4129 1446 4176 dilectionem

244 4207 277 4252 ani
291 4207 417 4268 domusque
429 4221 491 4262 ause,
505 4221 582 4254 serum
596 4209 664 4254 etiam
678 4208 707 4254 ad
720 4207 821 4254 ardentia
835 4207 963 4254 Turrianae
976 4207 1083 4252 fictionis
1093 4209 1168 4255 aludis
1179 4207 1311 4256 mirabiliter
1324 4217 1446 4266 attrasere,

243 4287 331 4334 eunetis
343 4287 439 4345 agnetis,
453 4285 560 4334 iratribus
568 4289 625 4344 suis,
639 4287 721 4334 veteris
734 4287 843 4332 nobilium
857 4287 927 4346 partia
937 4287 1030 4332 tonsilia
1040 4289 1195 4346 aequantibus,
1207 4301 1272 4334 more
1281 4295 1377 4346 patrum.
1406 4287 1448 4334 hoa

244 4367 370 4424 Rirsrdum,
383 4379 406 4416 et
421 4369 546 4428 Philippum
561 4381 643 4414 noram
657 4367 834 4428 pestiferamque
849 4369 890 4414 sibi
905 4375 990 4426 partem
1005 4369 1078 4426 sequi,
1092 4369 1193 4428 plerique
1203 4371 1231 4413 ab
1241 4369 1360 4426 imperiosa
1375 4379 1449 4416 naama

242 4461 332 4497 rosetus
346 4465 396 4498 esse
413 4451 494 4498 imunt.
524 4451 577 4510 quii
595 4451 670 4496 carim
687 4451 796 4510 possideri
813 4459 853 4498 ant
871 4451 1032 4508 possidendum
1052 4451 1216 4496 intolerabilius
1241 4451 1354 4508 expectari
1369 4459 1443 4508 potest

241 4545 308 4590 quam
322 4531 399 4580 divitis
408 4533 508 4580 mulieris
522 4545 612 4588 semna,
623 4545 689 4590 qoem
699 4547 724 4578 ea
734 4535 853 4590 superatite
863 4547 986 4593 numquam
997 4533 1091 4589 paciflre
1100 4531 1242 4590 possidebis?
1265 4531 1374 4577 Ricardus
1383 4545 1446 4590 prae·

241 4613 314 4658 clarae
330 4613 415 4659 iormae
430 4613 518 4660 lusenia
533 4615 615 4660 multae
631 4615 722 4660 virtutis
738 4613 791 4660 dote
808 4613 901 4668 ilorena,
915 4625 974 4671 quae
994 4613 1086 4658 iuvenili
1100 4621 1175 4659 aetate
1188 4625 1276 4668 senper
1290 4614 1377 4670 gmtior
1393 4611 1446 4670 luit,

241 4693 335 4738 muitum
351 4693 432 4738 siriuia
446 4695 494 4738 auia
508 4707 535 4738 ae
554 4693 645 4740 risibus
657 4695 782 4742 assabatur.
816 4693 853 4739 hie
866 4695 942 4744 etiam,
957 4705 1056 4752 quorum
1070 4693 1187 4739 iuventute
1203 4691 1313 4738 mirabilis
1327 4699 1401 4738 reetor
1418 4703 1447 4739 ae

240 4781 340 4830 potestm
351 4771 423 4818 iuerat
432 4773 574 4826 Florentinis,
582 4773 727 4828 Senensibua,
738 4773 845 4828 Lucanis,
854 4775 1042 4830 Perqansensibus
1048 4773 1171 4818 admodum
1180 4781 1258 4830 gratus
1268 4772 1350 4828 iuerat,
1360 4771 1443 4832 ubique

240 4853 359 4910 manibus
371 4867 423 4900 saae
435 4867 526 4912 gerens,
539 4855 625 4902 celebre
639 4867 721 4902 mosen
737 4853 829 4902 stertat.
870 4853 979 4912 ipram...
