<?xml version="1.0" encoding="UTF-8"?>
<!DOCTYPE html PUBLIC "-//W3C//DTD XHTML 1.0 Transitional//EN"
    "http://www.w3.org/TR/xhtml1/DTD/xhtml1-transitional.dtd">
<html xmlns="http://www.w3.org/1999/xhtml" xml:lang="en" lang="en">
 <head>
  <title>
</title>
<meta http-equiv="Content-Type" content="text/html;charset=utf-8" />
  <meta name='ocr-system' content='tesseract 3.04.00' />
  <meta name='ocr-capabilities' content='ocr_page ocr_carea ocr_par ocr_line ocrx_word'/>
</head>
<body>
  <div class='ocr_page' id='page_1' title='image "./historiaiohanni01farrgoog_0122.png"; bbox 0 0 3860 5884; ppageno 0'>
   <div class='ocr_carea' id='block_1_1' title="bbox 454 487 1178 566">
    <p class='ocr_par' dir='ltr' id='par_1_1' title="bbox 454 487 1178 566">
     <span class='ocr_line' id='line_1_1' title="bbox 454 487 1178 566; baseline 0 -8"><span class='ocrx_word' id='word_1_1' title='bbox 454 487 496 558; x_wconf 87' lang='lat'><strong>62</strong></span> <span class='ocrx_word' id='word_1_2' title='bbox 932 497 1178 566; x_wconf 75' lang='lat' dir='ltr'>HISTORIA</span> 
     </span>
    </p>
   </div>
   <div class='ocr_carea' id='block_1_2' title="bbox 453 723 1758 4637">
    <p class='ocr_par' dir='ltr' id='par_1_2' title="bbox 453 723 1758 4637">
     <span class='ocr_line' id='line_1_2' title="bbox 453 723 1650 818; baseline -0.003 -24"><span class='ocrx_word' id='word_1_3' title='bbox 453 725 610 818; x_wconf 87' lang='lat' dir='ltr'><strong>superbia,</strong></span> <span class='ocrx_word' id='word_1_4' title='bbox 629 725 685 816; x_wconf 89' lang='lat' dir='ltr'><strong>qui</strong></span> <span class='ocrx_word' id='word_1_5' title='bbox 708 727 808 816; x_wconf 84' lang='lat' dir='ltr'><strong>patria</strong></span> <span class='ocrx_word' id='word_1_6' title='bbox 830 725 907 795; x_wconf 82' lang='lat' dir='ltr'><strong>urbe</strong></span> <span class='ocrx_word' id='word_1_7' title='bbox 930 725 1039 794; x_wconf 85' lang='lat' dir='ltr'><strong>vivere</strong></span> <span class='ocrx_word' id='word_1_8' title='bbox 1055 741 1158 813; x_wconf 89' lang='lat' dir='ltr'><strong>aequo</strong></span> <span class='ocrx_word' id='word_1_9' title='bbox 1181 724 1250 792; x_wconf 89' lang='lat' dir='ltr'><strong>iure</strong></span> <span class='ocrx_word' id='word_1_10' title='bbox 1268 724 1425 806; x_wconf 85' lang='lat' dir='ltr'><strong>nesciens,</strong></span> <span class='ocrx_word' id='word_1_11' title='bbox 1449 743 1547 805; x_wconf 92' lang='lat' dir='ltr'><strong>nunc,</strong></span> <span class='ocrx_word' id='word_1_12' title='bbox 1571 723 1650 792; x_wconf 91' lang='lat' dir='ltr'><strong>dum</strong></span> 
     </span>
     <span class='ocr_line' id='line_1_3' title="bbox 453 837 1651 934; baseline -0.003 -23"><span class='ocrx_word' id='word_1_13' title='bbox 453 843 567 934; x_wconf 90' lang='lat' dir='ltr'><strong>plebeii</strong></span> <span class='ocrx_word' id='word_1_14' title='bbox 586 843 664 910; x_wconf 89' lang='lat' dir='ltr'><strong>civis</strong></span> <span class='ocrx_word' id='word_1_15' title='bbox 683 841 774 911; x_wconf 92' lang='lat' dir='ltr'><strong>domi</strong></span> <span class='ocrx_word' id='word_1_16' title='bbox 790 841 917 910; x_wconf 88' lang='lat' dir='ltr'><strong>latitans</strong></span> <span class='ocrx_word' id='word_1_17' title='bbox 936 840 1116 910; x_wconf 78' lang='lat' dir='ltr'>volantium</span> <span class='ocrx_word' id='word_1_18' title='bbox 1134 837 1304 909; x_wconf 87' lang='lat' dir='ltr'><strong>stridorem</strong></span> <span class='ocrx_word' id='word_1_19' title='bbox 1322 841 1431 908; x_wconf 83' lang='lat' dir='ltr'><strong>avium</strong></span> <span class='ocrx_word' id='word_1_20' title='bbox 1449 839 1553 921; x_wconf 90' lang='lat' dir='ltr'><strong>timet,</strong></span> <span class='ocrx_word' id='word_1_21' title='bbox 1568 839 1651 908; x_wconf 88' lang='lat' dir='ltr'><strong>Mat·</strong></span> 
     </span>
     <span class='ocr_line' id='line_1_4' title="bbox 453 953 1651 1046; baseline -0.003 -20"><span class='ocrx_word' id='word_1_22' title='bbox 453 959 496 1027; x_wconf 92' lang='lat' dir='ltr'><strong>tei</strong></span> <span class='ocrx_word' id='word_1_23' title='bbox 509 957 718 1026; x_wconf 87' lang='lat' dir='ltr'><strong>vicecomitis</strong></span> <span class='ocrx_word' id='word_1_24' title='bbox 737 955 863 1024; x_wconf 89' lang='lat' dir='ltr'><strong>famulis</strong></span> <span class='ocrx_word' id='word_1_25' title='bbox 882 953 1080 1046; x_wconf 80' lang='lat' dir='ltr'><strong>pulsantibus</strong></span> <span class='ocrx_word' id='word_1_26' title='bbox 1099 955 1267 1026; x_wconf 82' lang='lat' dir='ltr'><strong>stridentes</strong></span> <span class='ocrx_word' id='word_1_27' title='bbox 1286 953 1403 1024; x_wconf 89' lang='lat' dir='ltr'><strong>domus</strong></span> <span class='ocrx_word' id='word_1_28' title='bbox 1425 953 1509 1023; x_wconf 88' lang='lat' dir='ltr'><strong>fores</strong></span> <span class='ocrx_word' id='word_1_29' title='bbox 1531 953 1651 1022; x_wconf 87' lang='lat' dir='ltr'><strong>sentit?</strong></span> 
     </span>
     <span class='ocr_line' id='line_1_5' title="bbox 454 1067 1747 1164; baseline 0 -22"><span class='ocrx_word' id='word_1_30' title='bbox 454 1071 494 1142; x_wconf 87' lang='lat' dir='ltr'><strong>ad</strong></span> <span class='ocrx_word' id='word_1_31' title='bbox 516 1095 595 1164; x_wconf 89' lang='lat' dir='ltr'><strong>quas</strong></span> <span class='ocrx_word' id='word_1_32' title='bbox 619 1075 714 1143; x_wconf 87' lang='lat' dir='ltr'><strong>currit</strong></span> <span class='ocrx_word' id='word_1_33' title='bbox 736 1072 789 1141; x_wconf 92' lang='lat' dir='ltr'><strong>ille</strong></span> <span class='ocrx_word' id='word_1_34' title='bbox 812 1071 942 1142; x_wconf 87' lang='lat' dir='ltr'><strong>sedulus</strong></span> <span class='ocrx_word' id='word_1_35' title='bbox 966 1088 999 1141; x_wconf 89' lang='lat' dir='ltr'><strong>et</strong></span> <span class='ocrx_word' id='word_1_36' title='bbox 1016 1067 1119 1142; x_wconf 85' lang='lat' dir='ltr'><strong>fidelis</strong></span> <span class='ocrx_word' id='word_1_37' title='bbox 1142 1069 1238 1141; x_wconf 88' lang='lat' dir='ltr'><strong>frater</strong></span> <span class='ocrx_word' id='word_1_38' title='bbox 1266 1071 1414 1154; x_wconf 88' lang='lat' dir='ltr'><strong>lacobus,</strong></span> <span class='ocrx_word' id='word_1_39' title='bbox 1434 1069 1551 1140; x_wconf 86' lang='lat' dir='ltr'><strong>nullius</strong></span> <span class='ocrx_word' id='word_1_40' title='bbox 1569 1071 1653 1139; x_wconf 83' lang='lat' dir='ltr'><strong>servi</strong></span> <span class='ocrx_word' id='word_1_41' title='bbox 1685 1093 1747 1160; x_wconf 87' lang='lat'><strong>130</strong></span> 
     </span>
     <span class='ocr_line' id='line_1_6' title="bbox 454 1185 1651 1279; baseline -0.004 -21"><span class='ocrx_word' id='word_1_42' title='bbox 454 1189 572 1260; x_wconf 89' lang='lat' dir='ltr'><strong>domus</strong></span> <span class='ocrx_word' id='word_1_43' title='bbox 589 1189 709 1260; x_wconf 90' lang='lat' dir='ltr'>fidens:</span> <span class='ocrx_word' id='word_1_44' title='bbox 728 1189 783 1279; x_wconf 92' lang='lat' dir='ltr'><strong>qui</strong></span> <span class='ocrx_word' id='word_1_45' title='bbox 801 1186 966 1278; x_wconf 84' lang='lat' dir='ltr'><strong>patefactis</strong></span> <span class='ocrx_word' id='word_1_46' title='bbox 984 1189 1083 1278; x_wconf 89' lang='lat' dir='ltr'><strong>portis</strong></span> <span class='ocrx_word' id='word_1_47' title='bbox 1098 1189 1258 1264; x_wconf 83' lang='lat' dir='ltr'><strong>Matreum</strong></span> <span class='ocrx_word' id='word_1_48' title='bbox 1276 1187 1350 1256; x_wconf 90' lang='lat' dir='ltr'><strong>licet</strong></span> <span class='ocrx_word' id='word_1_49' title='bbox 1368 1187 1508 1256; x_wconf 88' lang='lat' dir='ltr'><strong>amicum</strong></span> <span class='ocrx_word' id='word_1_50' title='bbox 1526 1185 1651 1270; x_wconf 84' lang='lat' dir='ltr'><strong>videns,</strong></span> 
     </span>
     <span class='ocr_line' id='line_1_7' title="bbox 454 1303 1653 1403; baseline -0.003 -29"><span class='ocrx_word' id='word_1_51' title='bbox 454 1327 522 1374; x_wconf 92' lang='lat' dir='ltr'><strong>non</strong></span> <span class='ocrx_word' id='word_1_52' title='bbox 539 1327 599 1395; x_wconf 91' lang='lat' dir='ltr'><strong>pro</strong></span> <span class='ocrx_word' id='word_1_53' title='bbox 621 1329 666 1390; x_wconf 87' lang='lat' dir='ltr'><strong>se,</strong></span> <span class='ocrx_word' id='word_1_54' title='bbox 686 1303 742 1373; x_wconf 91' lang='lat' dir='ltr'><strong>sed</strong></span> <span class='ocrx_word' id='word_1_55' title='bbox 764 1326 823 1395; x_wconf 92' lang='lat' dir='ltr'><strong>pro</strong></span> <span class='ocrx_word' id='word_1_56' title='bbox 847 1304 994 1403; x_wconf 81' lang='lat' dir='ltr'><strong>deposito</strong></span> <span class='ocrx_word' id='word_1_57' title='bbox 1014 1305 1081 1373; x_wconf 90' lang='lat' dir='ltr'><strong>elus</strong></span> <span class='ocrx_word' id='word_1_58' title='bbox 1102 1304 1314 1394; x_wconf 81' lang='lat' dir='ltr'><strong>praesentiam</strong></span> <span class='ocrx_word' id='word_1_59' title='bbox 1334 1303 1452 1385; x_wconf 89' lang='lat' dir='ltr'><strong>timuit,</strong></span> <span class='ocrx_word' id='word_1_60' title='bbox 1472 1324 1509 1370; x_wconf 88' lang='lat' dir='ltr'><strong>ac</strong></span> <span class='ocrx_word' id='word_1_61' title='bbox 1526 1321 1653 1371; x_wconf 88' lang='lat' dir='ltr'><strong>tantum</strong></span> 
     </span>
     <span class='ocr_line' id='line_1_8' title="bbox 454 1416 1652 1512; baseline -0.004 -23"><span class='ocrx_word' id='word_1_62' title='bbox 454 1439 628 1512; x_wconf 90' lang='lat' dir='ltr'><strong>utcumque</strong></span> <span class='ocrx_word' id='word_1_63' title='bbox 647 1423 764 1490; x_wconf 89' lang='lat' dir='ltr'><strong>timore</strong></span> <span class='ocrx_word' id='word_1_64' title='bbox 791 1441 913 1510; x_wconf 87' lang='lat' dir='ltr'><strong>presso,</strong></span> <span class='ocrx_word' id='word_1_65' title='bbox 931 1421 1007 1488; x_wconf 90' lang='lat' dir='ltr'><strong>satis</strong></span> <span class='ocrx_word' id='word_1_66' title='bbox 1026 1420 1111 1489; x_wconf 90' lang='lat' dir='ltr'><strong>claro</strong></span> <span class='ocrx_word' id='word_1_67' title='bbox 1135 1419 1239 1503; x_wconf 89' lang='lat' dir='ltr'><strong>vultu,</strong></span> <span class='ocrx_word' id='word_1_68' title='bbox 1257 1418 1379 1509; x_wconf 92' lang='lat' dir='ltr'><strong>inquit:</strong></span> <span class='ocrx_word' id='word_1_69' title='bbox 1412 1416 1520 1507; x_wconf 78' lang='lat' dir='ltr'><strong>aquid</strong></span> <span class='ocrx_word' id='word_1_70' title='bbox 1542 1417 1652 1501; x_wconf 83' lang='lat' dir='ltr'><strong>vultis,</strong></span> 
     </span>
     <span class='ocr_line' id='line_1_9' title="bbox 455 1532 1655 1628; baseline -0.005 -22"><span class='ocrx_word' id='word_1_71' title='bbox 455 1537 572 1628; x_wconf 87' lang='lat' dir='ltr'><strong>quidve</strong></span> <span class='ocrx_word' id='word_1_72' title='bbox 595 1537 795 1628; x_wconf 72' lang='lat' dir='ltr'><strong>quaeritisla</strong></span> <span class='ocrx_word' id='word_1_73' title='bbox 816 1537 917 1606; x_wconf 91' lang='lat' dir='ltr'><strong>domo</strong></span> <span class='ocrx_word' id='word_1_74' title='bbox 935 1536 1098 1605; x_wconf 76' lang='lat' dir='ltr'><strong>nostrai»</strong></span> <span class='ocrx_word' id='word_1_75' title='bbox 1122 1535 1238 1604; x_wconf 88' lang='lat' dir='ltr'><strong>atille:</strong></span> <span class='ocrx_word' id='word_1_76' title='bbox 1267 1533 1385 1618; x_wconf 81' lang='lat' dir='ltr'><strong>anihil,</strong></span> <span class='ocrx_word' id='word_1_77' title='bbox 1404 1534 1466 1602; x_wconf 88' lang='lat' dir='ltr'><strong>nisi</strong></span> <span class='ocrx_word' id='word_1_78' title='bbox 1486 1552 1521 1603; x_wconf 95' lang='lat' dir='ltr'><strong>ut</strong></span> <span class='ocrx_word' id='word_1_79' title='bbox 1537 1532 1655 1603; x_wconf 91' lang='lat' dir='ltr'><strong>domus</strong></span> 
     </span>
     <span class='ocr_line' id='line_1_10' title="bbox 456 1648 1746 1744; baseline -0.004 -21"><span class='ocrx_word' id='word_1_80' title='bbox 456 1673 487 1724; x_wconf 92' lang='lat' dir='ltr'><strong>et</strong></span> <span class='ocrx_word' id='word_1_81' title='bbox 502 1675 584 1744; x_wconf 87' lang='lat' dir='ltr'><strong>quae</strong></span> <span class='ocrx_word' id='word_1_82' title='bbox 603 1655 636 1723; x_wconf 89' lang='lat' dir='ltr'><strong>in</strong></span> <span class='ocrx_word' id='word_1_83' title='bbox 655 1675 693 1722; x_wconf 90' lang='lat' dir='ltr'><strong>ea</strong></span> <span class='ocrx_word' id='word_1_84' title='bbox 711 1671 798 1737; x_wconf 90' lang='lat' dir='ltr'><strong>sunt,</strong></span> <span class='ocrx_word' id='word_1_85' title='bbox 814 1653 893 1723; x_wconf 91' lang='lat' dir='ltr'><strong>dum</strong></span> <span class='ocrx_word' id='word_1_86' title='bbox 912 1673 1093 1744; x_wconf 90' lang='lat' dir='ltr'><strong>possumus,</strong></span> <span class='ocrx_word' id='word_1_87' title='bbox 1109 1671 1221 1720; x_wconf 86' lang='lat' dir='ltr'><strong>secura</strong></span> <span class='ocrx_word' id='word_1_88' title='bbox 1239 1652 1345 1720; x_wconf 79' lang='lat' dir='ltr'><strong>sint».</strong></span> <span class='ocrx_word' id='word_1_89' title='bbox 1382 1648 1510 1734; x_wconf 86' lang='lat' dir='ltr'><strong>deinde,</strong></span> <span class='ocrx_word' id='word_1_90' title='bbox 1527 1669 1654 1740; x_wconf 86' lang='lat' dir='ltr'><strong>paratos</strong></span> <span class='ocrx_word' id='word_1_91' title='bbox 1686 1671 1746 1739; x_wconf 85' lang='lat'><strong>135</strong></span> 
     </span>
     <span class='ocr_line' id='line_1_11' title="bbox 456 1765 1655 1858; baseline -0.003 -20"><span class='ocrx_word' id='word_1_92' title='bbox 456 1772 492 1838; x_wconf 95' lang='lat' dir='ltr'><strong>in</strong></span> <span class='ocrx_word' id='word_1_93' title='bbox 521 1771 618 1839; x_wconf 93' lang='lat' dir='ltr'><strong>armis</strong></span> <span class='ocrx_word' id='word_1_94' title='bbox 646 1768 785 1838; x_wconf 89' lang='lat' dir='ltr'><strong>famulos</strong></span> <span class='ocrx_word' id='word_1_95' title='bbox 818 1785 993 1850; x_wconf 82' lang='lat' dir='ltr'><strong>ostentans,</strong></span> <span class='ocrx_word' id='word_1_96' title='bbox 1018 1765 1111 1836; x_wconf 87' lang='lat' dir='ltr'><strong>offert</strong></span> <span class='ocrx_word' id='word_1_97' title='bbox 1133 1787 1214 1857; x_wconf 91' lang='lat' dir='ltr'><strong>quos</strong></span> <span class='ocrx_word' id='word_1_98' title='bbox 1245 1789 1356 1836; x_wconf 89' lang='lat' dir='ltr'><strong>secum</strong></span> <span class='ocrx_word' id='word_1_99' title='bbox 1379 1783 1487 1836; x_wconf 89' lang='lat' dir='ltr'><strong>teneat</strong></span> <span class='ocrx_word' id='word_1_100' title='bbox 1509 1766 1655 1858; x_wconf 89' lang='lat' dir='ltr'><strong>praesidii</strong></span> 
     </span>
     <span class='ocr_line' id='line_1_12' title="bbox 456 1879 1654 1974; baseline -0.003 -21"><span class='ocrx_word' id='word_1_101' title='bbox 456 1908 551 1953; x_wconf 89' lang='lat' dir='ltr'><strong>causa</strong></span> <span class='ocrx_word' id='word_1_102' title='bbox 569 1883 697 1954; x_wconf 88' lang='lat' dir='ltr'><strong>domus.</strong></span> <span class='ocrx_word' id='word_1_103' title='bbox 745 1885 796 1953; x_wconf 92' lang='lat' dir='ltr'><strong>cui</strong></span> <span class='ocrx_word' id='word_1_104' title='bbox 814 1884 867 1952; x_wconf 87' lang='lat' dir='ltr'><strong>ille</strong></span> <span class='ocrx_word' id='word_1_105' title='bbox 884 1883 1006 1974; x_wconf 87' lang='lat' dir='ltr'><strong>inquit:</strong></span> <span class='ocrx_word' id='word_1_106' title='bbox 1027 1905 1120 1950; x_wconf 80' lang='lat' dir='ltr'><strong>auec</strong></span> <span class='ocrx_word' id='word_1_107' title='bbox 1138 1882 1331 1972; x_wconf 86' lang='lat' dir='ltr'><strong>praesidium</strong></span> <span class='ocrx_word' id='word_1_108' title='bbox 1350 1900 1494 1951; x_wconf 84' lang='lat' dir='ltr'><strong>vestrum</strong></span> <span class='ocrx_word' id='word_1_109' title='bbox 1509 1879 1654 1971; x_wconf 90' lang='lat' dir='ltr'><strong>repudio,</strong></span> 
     </span>
     <span class='ocr_line' id='line_1_13' title="bbox 458 1996 1654 2088; baseline -0.002 -20"><span class='ocrx_word' id='word_1_110' title='bbox 458 2021 535 2068; x_wconf 90' lang='lat' dir='ltr'><strong>nam</strong></span> <span class='ocrx_word' id='word_1_111' title='bbox 557 1999 624 2068; x_wconf 89' lang='lat' dir='ltr'><strong>scio</strong></span> <span class='ocrx_word' id='word_1_112' title='bbox 647 2017 774 2088; x_wconf 89' lang='lat' dir='ltr'><strong>praesto</strong></span> <span class='ocrx_word' id='word_1_113' title='bbox 794 1999 863 2083; x_wconf 88' lang='lat' dir='ltr'><strong>etit,</strong></span> <span class='ocrx_word' id='word_1_114' title='bbox 888 2021 948 2068; x_wconf 88' lang='lat' dir='ltr'><strong>nec</strong></span> <span class='ocrx_word' id='word_1_115' title='bbox 971 1997 1094 2081; x_wconf 87' lang='lat' dir='ltr'><strong>dubito,</strong></span> <span class='ocrx_word' id='word_1_116' title='bbox 1113 1998 1140 2066; x_wconf 90' lang='lat' dir='ltr'><strong>si</strong></span> <span class='ocrx_word' id='word_1_117' title='bbox 1162 1997 1385 2066; x_wconf 89' lang='lat' dir='ltr'><strong>necesse-erit.</strong></span> <span class='ocrx_word' id='word_1_118' title='bbox 1431 2019 1546 2066; x_wconf 89' lang='lat' dir='ltr'><strong>verum</strong></span> <span class='ocrx_word' id='word_1_119' title='bbox 1564 1996 1654 2066; x_wconf 88' lang='lat' dir='ltr'><strong>seda-</strong></span> 
     </span>
     <span class='ocr_line' id='line_1_14' title="bbox 459 2113 1656 2206; baseline -0.002 -24"><span class='ocrx_word' id='word_1_120' title='bbox 459 2116 541 2184; x_wconf 88' lang='lat' dir='ltr'><strong>bitur</strong></span> <span class='ocrx_word' id='word_1_121' title='bbox 552 2115 647 2198; x_wconf 87' lang='lat' dir='ltr'><strong>illico,</strong></span> <span class='ocrx_word' id='word_1_122' title='bbox 657 2135 761 2184; x_wconf 83' lang='lat' dir='ltr'><strong>vestra</strong></span> <span class='ocrx_word' id='word_1_123' title='bbox 773 2135 881 2206; x_wconf 89' lang='lat' dir='ltr'><strong>opera,</strong></span> <span class='ocrx_word' id='word_1_124' title='bbox 895 2115 1055 2198; x_wconf 86' lang='lat' dir='ltr'><strong>existimo,</strong></span> <span class='ocrx_word' id='word_1_125' title='bbox 1068 2113 1156 2182; x_wconf 89' lang='lat' dir='ltr'><strong>furor</strong></span> <span class='ocrx_word' id='word_1_126' title='bbox 1166 2113 1238 2197; x_wconf 91' lang='lat' dir='ltr'><strong>iste,</strong></span> <span class='ocrx_word' id='word_1_127' title='bbox 1251 2131 1283 2182; x_wconf 90' lang='lat' dir='ltr'><strong>et</strong></span> <span class='ocrx_word' id='word_1_128' title='bbox 1294 2115 1401 2182; x_wconf 87' lang='lat' dir='ltr'><strong>omnis</strong></span> <span class='ocrx_word' id='word_1_129' title='bbox 1411 2115 1568 2182; x_wconf 86' lang='lat' dir='ltr'><strong>innocens</strong></span> <span class='ocrx_word' id='word_1_130' title='bbox 1578 2113 1656 2182; x_wconf 84' lang='lat' dir='ltr'><strong>civis</strong></span> 
     </span>
     <span class='ocr_line' id='line_1_15' title="bbox 458 2229 1751 2322; baseline -0.002 -22"><span class='ocrx_word' id='word_1_131' title='bbox 458 2253 588 2301; x_wconf 89' lang='lat' dir='ltr'><strong>securus</strong></span> <span class='ocrx_word' id='word_1_132' title='bbox 607 2232 675 2300; x_wconf 88' lang='lat' dir='ltr'><strong>erit.</strong></span> <span class='ocrx_word' id='word_1_133' title='bbox 721 2233 774 2316; x_wconf 88' lang='lat' dir='ltr'><strong>ite,</strong></span> <span class='ocrx_word' id='word_1_134' title='bbox 799 2231 922 2302; x_wconf 90' lang='lat' dir='ltr'><strong>nullum</strong></span> <span class='ocrx_word' id='word_1_135' title='bbox 944 2230 1116 2302; x_wconf 84' lang='lat' dir='ltr'><strong>discrimen</strong></span> <span class='ocrx_word' id='word_1_136' title='bbox 1141 2251 1274 2302; x_wconf 89' lang='lat' dir='ltr'><strong>cunctos</strong></span> <span class='ocrx_word' id='word_1_137' title='bbox 1298 2229 1542 2303; x_wconf 84' lang='lat' dir='ltr'><strong>defendentibus</strong></span> <span class='ocrx_word' id='word_1_138' title='bbox 1571 2231 1658 2298; x_wconf 90' lang='lat' dir='ltr'><strong>cives</strong></span> <span class='ocrx_word' id='word_1_139' title='bbox 1688 2250 1751 2322; x_wconf 88' lang='lat'><strong>140</strong></span> 
     </span>
     <span class='ocr_line' id='line_1_16' title="bbox 458 2343 1656 2430; baseline -0.003 -14"><span class='ocrx_word' id='word_1_140' title='bbox 458 2365 594 2430; x_wconf 85' lang='lat' dir='ltr'><strong>vestros,</strong></span> <span class='ocrx_word' id='word_1_141' title='bbox 609 2363 641 2416; x_wconf 88' lang='lat' dir='ltr'><strong>et</strong></span> <span class='ocrx_word' id='word_1_142' title='bbox 652 2345 776 2417; x_wconf 91' lang='lat' dir='ltr'><strong>bonum</strong></span> <span class='ocrx_word' id='word_1_143' title='bbox 788 2346 881 2416; x_wconf 85' lang='lat' dir='ltr'><strong>vobis</strong></span> <span class='ocrx_word' id='word_1_144' title='bbox 893 2343 963 2430; x_wconf 86' lang='lat' dir='ltr'><strong>fuit,</strong></span> <span class='ocrx_word' id='word_1_145' title='bbox 976 2348 1035 2417; x_wconf 92' lang='lat' dir='ltr'><strong>erit</strong></span> <span class='ocrx_word' id='word_1_146' title='bbox 1048 2373 1080 2417; x_wconf 83' lang='lat' dir='ltr'><strong>o.</strong></span> <span class='ocrx_word' id='word_1_147' title='bbox 1122 2349 1242 2416; x_wconf 86' lang='lat' dir='ltr'><strong>etenim</strong></span> <span class='ocrx_word' id='word_1_148' title='bbox 1254 2347 1387 2418; x_wconf 86' lang='lat' dir='ltr'><strong>verbum</strong></span> <span class='ocrx_word' id='word_1_149' title='bbox 1402 2347 1492 2416; x_wconf 90' lang='lat' dir='ltr'><strong>illum</strong></span> <span class='ocrx_word' id='word_1_150' title='bbox 1505 2344 1656 2428; x_wconf 92' lang='lat' dir='ltr'><strong>subitum,</strong></span> 
     </span>
     <span class='ocr_line' id='line_1_17' title="bbox 459 2457 1658 2546; baseline 0 -16"><span class='ocrx_word' id='word_1_151' title='bbox 459 2483 495 2532; x_wconf 89' lang='lat' dir='ltr'><strong>ac</strong></span> <span class='ocrx_word' id='word_1_152' title='bbox 520 2463 642 2532; x_wconf 87' lang='lat' dir='ltr'><strong>cunctis</strong></span> <span class='ocrx_word' id='word_1_153' title='bbox 665 2457 844 2532; x_wconf 86' lang='lat' dir='ltr'><strong>notandum</strong></span> <span class='ocrx_word' id='word_1_154' title='bbox 868 2463 1000 2546; x_wconf 90' lang='lat' dir='ltr'><strong>civibus,</strong></span> <span class='ocrx_word' id='word_1_155' title='bbox 1023 2465 1050 2531; x_wconf 91' lang='lat' dir='ltr'><strong>si</strong></span> <span class='ocrx_word' id='word_1_156' title='bbox 1073 2463 1198 2534; x_wconf 86' lang='lat' dir='ltr'><strong>animus</strong></span> <span class='ocrx_word' id='word_1_157' title='bbox 1217 2462 1310 2533; x_wconf 89' lang='lat' dir='ltr'><strong>nobis</strong></span> <span class='ocrx_word' id='word_1_158' title='bbox 1329 2463 1412 2532; x_wconf 90' lang='lat' dir='ltr'><strong>foret</strong></span> <span class='ocrx_word' id='word_1_159' title='bbox 1433 2477 1530 2532; x_wconf 86' lang='lat' dir='ltr'><strong>ratus.</strong></span> <span class='ocrx_word' id='word_1_160' title='bbox 1581 2483 1658 2532; x_wconf 86' lang='lat' dir='ltr'><strong>nam</strong></span> 
     </span>
     <span class='ocr_line' id='line_1_18' title="bbox 459 2577 1657 2671; baseline 0 -24"><span class='ocrx_word' id='word_1_161' title='bbox 459 2599 536 2648; x_wconf 86' lang='lat' dir='ltr'><strong>tunc</strong></span> <span class='ocrx_word' id='word_1_162' title='bbox 555 2579 705 2670; x_wconf 91' lang='lat' dir='ltr'><strong>primum,</strong></span> <span class='ocrx_word' id='word_1_163' title='bbox 725 2579 785 2647; x_wconf 89' lang='lat' dir='ltr'><strong>hac</strong></span> <span class='ocrx_word' id='word_1_164' title='bbox 800 2579 834 2634; x_wconf 79' lang='lat'><strong>(⁸)</strong></span> <span class='ocrx_word' id='word_1_165' title='bbox 850 2602 998 2670; x_wconf 91' lang='lat' dir='ltr'><strong>prospera</strong></span> <span class='ocrx_word' id='word_1_166' title='bbox 1017 2581 1051 2648; x_wconf 88' lang='lat' dir='ltr'><strong>in</strong></span> <span class='ocrx_word' id='word_1_167' title='bbox 1065 2597 1132 2649; x_wconf 91' lang='lat' dir='ltr'><strong>tam</strong></span> <span class='ocrx_word' id='word_1_168' title='bbox 1151 2579 1331 2671; x_wconf 88' lang='lat' dir='ltr'><strong>periculoso</strong></span> <span class='ocrx_word' id='word_1_169' title='bbox 1348 2601 1454 2648; x_wconf 90' lang='lat' dir='ltr'><strong>rerum</strong></span> <span class='ocrx_word' id='word_1_170' title='bbox 1474 2577 1657 2648; x_wconf 89' lang='lat' dir='ltr'><strong>discrimine</strong></span> 
     </span>
     <span class='ocr_line' id='line_1_19' title="bbox 460 2691 1658 2784; baseline 0.001 -23"><span class='ocrx_word' id='word_1_171' title='bbox 460 2695 650 2784; x_wconf 85' lang='lat' dir='ltr'><strong>aspiratione</strong></span> <span class='ocrx_word' id='word_1_172' title='bbox 679 2693 826 2762; x_wconf 88' lang='lat' dir='ltr'><strong>fortunae</strong></span> <span class='ocrx_word' id='word_1_173' title='bbox 837 2695 885 2778; x_wconf 68' lang='lat' dir='ltr'><strong>(l),</strong></span> <span class='ocrx_word' id='word_1_174' title='bbox 914 2694 1109 2767; x_wconf 89' lang='lat' dir='ltr'><strong>Theutonus</strong></span> <span class='ocrx_word' id='word_1_175' title='bbox 1132 2694 1221 2765; x_wconf 83' lang='lat' dir='ltr'><strong>surm</strong></span> <span class='ocrx_word' id='word_1_176' title='bbox 1250 2693 1397 2765; x_wconf 86' lang='lat' dir='ltr'><strong>effraenis</strong></span> <span class='ocrx_word' id='word_1_177' title='bbox 1415 2693 1517 2763; x_wconf 89' lang='lat' dir='ltr'><strong>lactus</strong></span> <span class='ocrx_word' id='word_1_178' title='bbox 1537 2691 1658 2763; x_wconf 84' lang='lat' dir='ltr'><strong>exultat</strong></span> 
     </span>
     <span class='ocr_line' id='line_1_20' title="bbox 459 2807 1749 2902; baseline -0.001 -26"><span class='ocrx_word' id='word_1_179' title='bbox 459 2807 566 2890; x_wconf 88' lang='lat' dir='ltr'><strong>nimis,</strong></span> <span class='ocrx_word' id='word_1_180' title='bbox 586 2827 619 2877; x_wconf 91' lang='lat' dir='ltr'><strong>et</strong></span> <span class='ocrx_word' id='word_1_181' title='bbox 637 2809 783 2878; x_wconf 89' lang='lat' dir='ltr'><strong>licentius</strong></span> <span class='ocrx_word' id='word_1_182' title='bbox 806 2807 839 2878; x_wconf 91' lang='lat' dir='ltr'><strong>in</strong></span> <span class='ocrx_word' id='word_1_183' title='bbox 863 2809 1022 2900; x_wconf 87' lang='lat' dir='ltr'><strong>quoslibet</strong></span> <span class='ocrx_word' id='word_1_184' title='bbox 1040 2811 1126 2880; x_wconf 89' lang='lat' dir='ltr'><strong>cives</strong></span> <span class='ocrx_word' id='word_1_185' title='bbox 1145 2811 1267 2880; x_wconf 87' lang='lat' dir='ltr'><strong>saevire</strong></span> <span class='ocrx_word' id='word_1_186' title='bbox 1286 2811 1401 2901; x_wconf 88' lang='lat' dir='ltr'><strong>coepit.</strong></span> <span class='ocrx_word' id='word_1_187' title='bbox 1421 2809 1565 2902; x_wconf 76' lang='lat' dir='ltr'><strong>litaque,</strong></span> <span class='ocrx_word' id='word_1_188' title='bbox 1589 2829 1657 2877; x_wconf 90' lang='lat' dir='ltr'><strong>nou</strong></span> <span class='ocrx_word' id='word_1_189' title='bbox 1690 2829 1749 2898; x_wconf 85' lang='lat'><strong>¹45</strong></span> 
     </span>
     <span class='ocr_line' id='line_1_21' title="bbox 459 2921 1659 3018; baseline 0.002 -26"><span class='ocrx_word' id='word_1_190' title='bbox 459 2921 561 2993; x_wconf 88' lang='lat' dir='ltr'><strong>modo</strong></span> <span class='ocrx_word' id='word_1_191' title='bbox 584 2947 698 2994; x_wconf 88' lang='lat' dir='ltr'><strong>eorum</strong></span> <span class='ocrx_word' id='word_1_192' title='bbox 720 2923 767 3009; x_wconf 45' lang='grc' dir='ltr'>(ἔ),</span> <span class='ocrx_word' id='word_1_193' title='bbox 789 2925 843 3016; x_wconf 90' lang='lat' dir='ltr'><strong>qui</strong></span> <span class='ocrx_word' id='word_1_194' title='bbox 867 2949 954 2995; x_wconf 89' lang='lat' dir='ltr'><strong>arma</strong></span> <span class='ocrx_word' id='word_1_195' title='bbox 986 2947 1187 3018; x_wconf 85' lang='lat' dir='ltr'><strong>sumpserant</strong></span> <span class='ocrx_word' id='word_1_196' title='bbox 1210 2946 1321 2997; x_wconf 86' lang='lat' dir='ltr'><strong>contra</strong></span> <span class='ocrx_word' id='word_1_197' title='bbox 1343 2949 1466 3018; x_wconf 84' lang='lat' dir='ltr'><strong>regem,</strong></span> <span class='ocrx_word' id='word_1_198' title='bbox 1484 2927 1659 3018; x_wconf 87' lang='lat' dir='ltr'><strong>spoliantur</strong></span> 
     </span>
     <span class='ocr_line' id='line_1_22' title="bbox 460 3039 1658 3134; baseline -0.001 -24"><span class='ocrx_word' id='word_1_199' title='bbox 460 3039 589 3126; x_wconf 88' lang='lat' dir='ltr'><strong>domus,</strong></span> <span class='ocrx_word' id='word_1_200' title='bbox 601 3065 715 3112; x_wconf 87' lang='lat' dir='ltr'><strong>verum</strong></span> <span class='ocrx_word' id='word_1_201' title='bbox 727 3044 960 3128; x_wconf 88' lang='lat' dir='ltr'><strong>innocentium,</strong></span> <span class='ocrx_word' id='word_1_202' title='bbox 971 3043 1074 3112; x_wconf 90' lang='lat' dir='ltr'><strong>immo</strong></span> <span class='ocrx_word' id='word_1_203' title='bbox 1089 3045 1186 3112; x_wconf 89' lang='lat' dir='ltr'><strong>etiam</strong></span> <span class='ocrx_word' id='word_1_204' title='bbox 1204 3067 1342 3134; x_wconf 93' lang='lat' dir='ltr'><strong>quorum</strong></span> <span class='ocrx_word' id='word_1_205' title='bbox 1352 3041 1503 3114; x_wconf 89' lang='lat' dir='ltr'><strong>Turtiani</strong></span> <span class='ocrx_word' id='word_1_206' title='bbox 1518 3043 1658 3112; x_wconf 86' lang='lat' dir='ltr'><strong>nominis</strong></span> 
     </span>
     <span class='ocr_line' id='line_1_23' title="bbox 461 3158 1659 3230; baseline -0.001 -2"><span class='ocrx_word' id='word_1_207' title='bbox 461 3183 497 3228; x_wconf 92' lang='lat' dir='ltr'><strong>ac</strong></span> <span class='ocrx_word' id='word_1_208' title='bbox 516 3182 592 3229; x_wconf 88' lang='lat' dir='ltr'><strong>suae</strong></span> <span class='ocrx_word' id='word_1_209' title='bbox 620 3159 766 3229; x_wconf 85' lang='lat' dir='ltr'><strong>factionis</strong></span> <span class='ocrx_word' id='word_1_210' title='bbox 784 3158 926 3229; x_wconf 85' lang='lat' dir='ltr'><strong>smdium</strong></span> <span class='ocrx_word' id='word_1_211' title='bbox 953 3161 1098 3229; x_wconf 85' lang='lat' dir='ltr'><strong>extiterat</strong></span> <span class='ocrx_word' id='word_1_212' title='bbox 1117 3159 1278 3230; x_wconf 88' lang='lat' dir='ltr'><strong>odiosum.</strong></span> <span class='ocrx_word' id='word_1_213' title='bbox 1324 3161 1418 3230; x_wconf 89' lang='lat' dir='ltr'><strong>huius</strong></span> <span class='ocrx_word' id='word_1_214' title='bbox 1437 3161 1483 3230; x_wconf 87' lang='lat' dir='ltr'><strong>rei</strong></span> <span class='ocrx_word' id='word_1_215' title='bbox 1501 3183 1569 3229; x_wconf 89' lang='lat' dir='ltr'><strong>non</strong></span> <span class='ocrx_word' id='word_1_216' title='bbox 1588 3181 1659 3228; x_wconf 93' lang='lat' dir='ltr'><strong>mo-</strong></span> 
     </span>
     <span class='ocr_line' id='line_1_24' title="bbox 461 3273 1659 3366; baseline -0.002 -22"><span class='ocrx_word' id='word_1_217' title='bbox 461 3273 530 3344; x_wconf 89' lang='lat' dir='ltr'><strong>dica</strong></span> <span class='ocrx_word' id='word_1_218' title='bbox 548 3297 643 3344; x_wconf 87' lang='lat' dir='ltr'><strong>causa</strong></span> <span class='ocrx_word' id='word_1_219' title='bbox 665 3273 725 3344; x_wconf 88' lang='lat' dir='ltr'><strong>fuit</strong></span> <span class='ocrx_word' id='word_1_220' title='bbox 743 3273 871 3366; x_wconf 88' lang='lat' dir='ltr'><strong>pestifer</strong></span> <span class='ocrx_word' id='word_1_221' title='bbox 892 3273 1031 3344; x_wconf 85' lang='lat' dir='ltr'><strong>invidiae</strong></span> <span class='ocrx_word' id='word_1_222' title='bbox 1054 3275 1185 3344; x_wconf 94' lang='lat' dir='ltr'><strong>morbus</strong></span> <span class='ocrx_word' id='word_1_223' title='bbox 1201 3277 1283 3346; x_wconf 90' lang='lat' dir='ltr'><strong>inter</strong></span> <span class='ocrx_word' id='word_1_224' title='bbox 1300 3277 1398 3360; x_wconf 84' lang='lat' dir='ltr'><strong>cives,</strong></span> <span class='ocrx_word' id='word_1_225' title='bbox 1420 3295 1498 3346; x_wconf 91' lang='lat' dir='ltr'><strong>tunc</strong></span> <span class='ocrx_word' id='word_1_226' title='bbox 1521 3275 1659 3344; x_wconf 91' lang='lat' dir='ltr'><strong>nimium</strong></span> 
     </span>
     <span class='ocr_line' id='line_1_25' title="bbox 459 3385 1753 3480; baseline -0.001 -24"><span class='ocrx_word' id='word_1_227' title='bbox 459 3386 582 3477; x_wconf 83' lang='lat' dir='ltr'><strong>perdita</strong></span> <span class='ocrx_word' id='word_1_228' title='bbox 603 3387 755 3456; x_wconf 84' lang='lat' dir='ltr'><strong>charitate</strong></span> <span class='ocrx_word' id='word_1_229' title='bbox 778 3385 943 3456; x_wconf 85' lang='lat' dir='ltr'><strong>laborans:</strong></span> <span class='ocrx_word' id='word_1_230' title='bbox 963 3411 1040 3456; x_wconf 86' lang='lat' dir='ltr'><strong>nam</strong></span> <span class='ocrx_word' id='word_1_231' title='bbox 1063 3387 1105 3458; x_wconf 94' lang='lat' dir='ltr'><strong>ob</strong></span> <span class='ocrx_word' id='word_1_232' title='bbox 1128 3411 1235 3480; x_wconf 84' lang='lat' dir='ltr'><strong>prava,</strong></span> <span class='ocrx_word' id='word_1_233' title='bbox 1267 3411 1348 3480; x_wconf 84' lang='lat' dir='ltr'><strong>quae</strong></span> <span class='ocrx_word' id='word_1_234' title='bbox 1376 3389 1495 3459; x_wconf 91' lang='lat' dir='ltr'><strong>diutius</strong></span> <span class='ocrx_word' id='word_1_235' title='bbox 1520 3390 1554 3458; x_wconf 90' lang='lat' dir='ltr'><strong>in</strong></span> <span class='ocrx_word' id='word_1_236' title='bbox 1581 3387 1660 3458; x_wconf 89' lang='lat' dir='ltr'><strong>urbe</strong></span> <span class='ocrx_word' id='word_1_237' title='bbox 1691 3407 1753 3474; x_wconf 88' lang='lat'><strong>150</strong></span> 
     </span>
     <span class='ocr_line' id='line_1_26' title="bbox 460 3501 1661 3592; baseline 0.003 -23"><span class='ocrx_word' id='word_1_238' title='bbox 460 3501 595 3584; x_wconf 91' lang='lat' dir='ltr'><strong>fuerant,</strong></span> <span class='ocrx_word' id='word_1_239' title='bbox 614 3503 753 3592; x_wconf 85' lang='lat' dir='ltr'><strong>partium</strong></span> <span class='ocrx_word' id='word_1_240' title='bbox 772 3501 887 3587; x_wconf 88' lang='lat' dir='ltr'><strong>studia,</strong></span> <span class='ocrx_word' id='word_1_241' title='bbox 903 3502 1010 3572; x_wconf 89' lang='lat' dir='ltr'><strong>multis</strong></span> <span class='ocrx_word' id='word_1_242' title='bbox 1029 3502 1189 3573; x_wconf 84' lang='lat' dir='ltr'><strong>veteribus</strong></span> <span class='ocrx_word' id='word_1_243' title='bbox 1208 3527 1246 3572; x_wconf 88' lang='lat' dir='ltr'><strong>ac</strong></span> <span class='ocrx_word' id='word_1_244' title='bbox 1264 3505 1359 3574; x_wconf 84' lang='lat' dir='ltr'><strong>novis</strong></span> <span class='ocrx_word' id='word_1_245' title='bbox 1378 3501 1610 3573; x_wconf 86' lang='lat' dir='ltr'><strong>offensionibus</strong></span> <span class='ocrx_word' id='word_1_246' title='bbox 1629 3522 1661 3573; x_wconf 91' lang='lat' dir='ltr'><strong>et</strong></span> 
     </span>
     <span class='ocr_line' id='line_1_27' title="bbox 460 3613 1660 3710; baseline 0.002 -25"><span class='ocrx_word' id='word_1_247' title='bbox 460 3617 593 3701; x_wconf 90' lang='lat' dir='ltr'><strong>iniuriis,</strong></span> <span class='ocrx_word' id='word_1_248' title='bbox 603 3631 640 3685; x_wconf 91' lang='lat' dir='ltr'><strong>ut</strong></span> <span class='ocrx_word' id='word_1_249' title='bbox 653 3616 699 3700; x_wconf 87' lang='lat' dir='ltr'><strong>fit,</strong></span> <span class='ocrx_word' id='word_1_250' title='bbox 716 3637 830 3688; x_wconf 92' lang='lat' dir='ltr'><strong>mutuo</strong></span> <span class='ocrx_word' id='word_1_251' title='bbox 846 3616 938 3700; x_wconf 89' lang='lat' dir='ltr'><strong>datis,</strong></span> <span class='ocrx_word' id='word_1_252' title='bbox 950 3617 1138 3703; x_wconf 88' lang='lat' dir='ltr'><strong>multorum,</strong></span> <span class='ocrx_word' id='word_1_253' title='bbox 1155 3637 1241 3710; x_wconf 93' lang='lat' dir='ltr'><strong>apto,</strong></span> <span class='ocrx_word' id='word_1_254' title='bbox 1256 3637 1291 3688; x_wconf 94' lang='lat' dir='ltr'><strong>ut</strong></span> <span class='ocrx_word' id='word_1_255' title='bbox 1306 3613 1364 3687; x_wconf 89' lang='lat' dir='ltr'><strong>sibi</strong></span> <span class='ocrx_word' id='word_1_256' title='bbox 1381 3636 1429 3688; x_wconf 93' lang='lat' dir='ltr'><strong>est</strong></span> <span class='ocrx_word' id='word_1_257' title='bbox 1444 3619 1563 3703; x_wconf 82' lang='lat' dir='ltr'><strong>visum,</strong></span> <span class='ocrx_word' id='word_1_258' title='bbox 1578 3635 1660 3687; x_wconf 90' lang='lat' dir='ltr'><strong>tem·</strong></span> 
     </span>
     <span class='ocr_line' id='line_1_28' title="bbox 461 3727 1661 3826; baseline 0.002 -26"><span class='ocrx_word' id='word_1_259' title='bbox 461 3755 539 3823; x_wconf 90' lang='lat' dir='ltr'><strong>pore</strong></span> <span class='ocrx_word' id='word_1_260' title='bbox 557 3732 751 3802; x_wconf 85' lang='lat' dir='ltr'><strong>suscitantur</strong></span> <span class='ocrx_word' id='word_1_261' title='bbox 768 3732 861 3812; x_wconf 88' lang='lat' dir='ltr'><strong>odia;</strong></span> <span class='ocrx_word' id='word_1_262' title='bbox 876 3727 953 3804; x_wconf 90' lang='lat' dir='ltr'><strong>inde</strong></span> <span class='ocrx_word' id='word_1_263' title='bbox 963 3757 1067 3825; x_wconf 89' lang='lat' dir='ltr'><strong>neque</strong></span> <span class='ocrx_word' id='word_1_264' title='bbox 1086 3757 1180 3804; x_wconf 89' lang='lat' dir='ltr'><strong>verso</strong></span> <span class='ocrx_word' id='word_1_265' title='bbox 1197 3733 1311 3826; x_wconf 89' lang='lat' dir='ltr'><strong>pollice</strong></span> <span class='ocrx_word' id='word_1_266' title='bbox 1331 3734 1507 3804; x_wconf 90' lang='lat' dir='ltr'><strong>multorum</strong></span> <span class='ocrx_word' id='word_1_267' title='bbox 1523 3733 1661 3803; x_wconf 86' lang='lat' dir='ltr'><strong>barbaris</strong></span> 
     </span>
     <span class='ocr_line' id='line_1_29' title="bbox 462 3847 1661 3944; baseline 0.004 -29"><span class='ocrx_word' id='word_1_268' title='bbox 462 3849 630 3939; x_wconf 89' lang='lat' dir='ltr'><strong>signantur</strong></span> <span class='ocrx_word' id='word_1_269' title='bbox 658 3847 785 3920; x_wconf 87' lang='lat' dir='ltr'><strong>domus.</strong></span> <span class='ocrx_word' id='word_1_270' title='bbox 832 3849 911 3920; x_wconf 87' lang='lat' dir='ltr'><strong>haec</strong></span> <span class='ocrx_word' id='word_1_271' title='bbox 939 3849 1020 3920; x_wconf 90' lang='lat' dir='ltr'><strong>adeo</strong></span> <span class='ocrx_word' id='word_1_272' title='bbox 1046 3853 1146 3920; x_wconf 88' lang='lat' dir='ltr'><strong>crevit</strong></span> <span class='ocrx_word' id='word_1_273' title='bbox 1170 3850 1268 3942; x_wconf 84' lang='lat' dir='ltr'><strong>pestis</strong></span> <span class='ocrx_word' id='word_1_274' title='bbox 1298 3872 1334 3922; x_wconf 90' lang='lat' dir='ltr'><strong>ut</strong></span> <span class='ocrx_word' id='word_1_275' title='bbox 1360 3852 1511 3944; x_wconf 87' lang='lat' dir='ltr'><strong>plerique,</strong></span> <span class='ocrx_word' id='word_1_276' title='bbox 1538 3853 1593 3942; x_wconf 89' lang='lat' dir='ltr'><strong>qui</strong></span> <span class='ocrx_word' id='word_1_277' title='bbox 1620 3849 1661 3920; x_wconf 81' lang='lat' dir='ltr'><strong>ad</strong></span> 
     </span>
     <span class='ocr_line' id='line_1_30' title="bbox 463 3965 1752 4056; baseline -0.001 -24"><span class='ocrx_word' id='word_1_278' title='bbox 463 3987 597 4034; x_wconf 91' lang='lat' dir='ltr'><strong>suorum</strong></span> <span class='ocrx_word' id='word_1_279' title='bbox 620 3965 739 4034; x_wconf 82' lang='lat' dir='ltr'><strong>civium</strong></span> <span class='ocrx_word' id='word_1_280' title='bbox 762 3965 865 4056; x_wconf 84' lang='lat' dir='ltr'><strong>spolia</strong></span> <span class='ocrx_word' id='word_1_281' title='bbox 889 3985 1018 4035; x_wconf 87' lang='lat' dir='ltr'><strong>causam</strong></span> <span class='ocrx_word' id='word_1_282' title='bbox 1041 3965 1206 4052; x_wconf 88' lang='lat' dir='ltr'><strong>dederant,</strong></span> <span class='ocrx_word' id='word_1_283' title='bbox 1229 3968 1387 4036; x_wconf 84' lang='lat' dir='ltr'><strong>suscitatis</strong></span> <span class='ocrx_word' id='word_1_284' title='bbox 1409 3965 1526 4036; x_wconf 88' lang='lat' dir='ltr'><strong>deinde</strong></span> <span class='ocrx_word' id='word_1_285' title='bbox 1548 3968 1581 4036; x_wconf 91' lang='lat' dir='ltr'><strong>in</strong></span> <span class='ocrx_word' id='word_1_286' title='bbox 1605 3988 1661 4035; x_wconf 90' lang='lat' dir='ltr'><strong>eos</strong></span> <span class='ocrx_word' id='word_1_287' title='bbox 1694 3985 1752 4054; x_wconf 88' lang='lat'><strong>155</strong></span> 
     </span>
     <span class='ocr_line' id='line_1_31' title="bbox 463 4073 1663 4175; baseline 0 -25"><span class='ocrx_word' id='word_1_288' title='bbox 463 4073 686 4172; x_wconf 82' lang='lat' dir='ltr'><strong>praedonibus,</strong></span> <span class='ocrx_word' id='word_1_289' title='bbox 702 4080 913 4171; x_wconf 88' lang='lat' dir='ltr'><strong>spoliarentur</strong></span> <span class='ocrx_word' id='word_1_290' title='bbox 923 4079 968 4150; x_wconf 69' lang='lat'><strong>(⁸).</strong></span> <span class='ocrx_word' id='word_1_291' title='bbox 1006 4081 1051 4150; x_wconf 93' lang='lat' dir='ltr'><strong>sic</strong></span> <span class='ocrx_word' id='word_1_292' title='bbox 1065 4105 1159 4174; x_wconf 91' lang='lat' dir='ltr'><strong>saepe</strong></span> <span class='ocrx_word' id='word_1_293' title='bbox 1174 4081 1271 4174; x_wconf 86' lang='lat' dir='ltr'><strong>digna</strong></span> <span class='ocrx_word' id='word_1_294' title='bbox 1284 4083 1405 4154; x_wconf 86' lang='lat' dir='ltr'><strong>metitis</strong></span> <span class='ocrx_word' id='word_1_295' title='bbox 1420 4083 1562 4175; x_wconf 91' lang='lat' dir='ltr'><strong>praemia</strong></span> <span class='ocrx_word' id='word_1_296' title='bbox 1576 4105 1663 4152; x_wconf 88' lang='lat' dir='ltr'><strong>mor·</strong></span> 
     </span>
     <span class='ocr_line' id='line_1_32' title="bbox 463 4195 1662 4291; baseline -0.002 -25"><span class='ocrx_word' id='word_1_297' title='bbox 463 4195 577 4267; x_wconf 85' lang='lat' dir='ltr'><strong>talibus</strong></span> <span class='ocrx_word' id='word_1_298' title='bbox 589 4195 693 4267; x_wconf 92' lang='lat' dir='ltr'><strong>reddit</strong></span> <span class='ocrx_word' id='word_1_299' title='bbox 707 4199 808 4268; x_wconf 88' lang='lat' dir='ltr'><strong>Deus.</strong></span> <span class='ocrx_word' id='word_1_300' title='bbox 854 4221 875 4266; x_wconf 96' lang='lat' dir='ltr'><strong>o</strong></span> <span class='ocrx_word' id='word_1_301' title='bbox 889 4199 1033 4268; x_wconf 85' lang='lat' dir='ltr'><strong>vilissimi</strong></span> <span class='ocrx_word' id='word_1_302' title='bbox 1045 4198 1054 4289; x_wconf 76' lang='lat' dir='ltr'><strong>l</strong></span> <span class='ocrx_word' id='word_1_303' title='bbox 1066 4197 1178 4268; x_wconf 88' lang='lat' dir='ltr'><strong>vilium</strong></span> <span class='ocrx_word' id='word_1_304' title='bbox 1191 4201 1288 4284; x_wconf 86' lang='lat' dir='ltr'><strong>cives,</strong></span> <span class='ocrx_word' id='word_1_305' title='bbox 1302 4223 1383 4291; x_wconf 89' lang='lat' dir='ltr'><strong>quos</strong></span> <span class='ocrx_word' id='word_1_306' title='bbox 1397 4201 1512 4270; x_wconf 83' lang='lat' dir='ltr'><strong>canina</strong></span> <span class='ocrx_word' id='word_1_307' title='bbox 1523 4198 1662 4268; x_wconf 89' lang='lat' dir='ltr'><strong>nimium</strong></span> 
     </span>
     <span class='ocr_line' id='line_1_33' title="bbox 463 4311 1663 4406; baseline 0.003 -25"><span class='ocrx_word' id='word_1_308' title='bbox 463 4312 564 4382; x_wconf 87' lang='lat' dir='ltr'><strong>rabies</strong></span> <span class='ocrx_word' id='word_1_309' title='bbox 582 4331 689 4396; x_wconf 81' lang='lat' dir='ltr'><strong>vexat,</strong></span> <span class='ocrx_word' id='word_1_310' title='bbox 709 4313 822 4382; x_wconf 88' lang='lat' dir='ltr'><strong>saltem</strong></span> <span class='ocrx_word' id='word_1_311' title='bbox 838 4335 898 4382; x_wconf 87' lang='lat' dir='ltr'><strong>vos</strong></span> <span class='ocrx_word' id='word_1_312' title='bbox 915 4333 1068 4382; x_wconf 88' lang='lat' dir='ltr'><strong>moveant</strong></span> <span class='ocrx_word' id='word_1_313' title='bbox 1082 4311 1204 4383; x_wconf 88' lang='lat' dir='ltr'><strong>ridiculi</strong></span> <span class='ocrx_word' id='word_1_314' title='bbox 1220 4314 1421 4406; x_wconf 86' lang='lat' dir='ltr'><strong>praedonum</strong></span> <span class='ocrx_word' id='word_1_315' title='bbox 1438 4315 1535 4386; x_wconf 89' lang='lat' dir='ltr'><strong>risusl</strong></span> <span class='ocrx_word' id='word_1_316' title='bbox 1582 4313 1663 4384; x_wconf 88' lang='lat' dir='ltr'><strong>ridet</strong></span> 
     </span>
     <span class='ocr_line' id='line_1_34' title="bbox 465 4425 1661 4523; baseline 0.003 -28"><span class='ocrx_word' id='word_1_317' title='bbox 465 4426 659 4498; x_wconf 90' lang='lat' dir='ltr'><strong>Theutonus</strong></span> <span class='ocrx_word' id='word_1_318' title='bbox 678 4448 710 4498; x_wconf 94' lang='lat' dir='ltr'><strong>et</strong></span> <span class='ocrx_word' id='word_1_319' title='bbox 728 4429 835 4498; x_wconf 88' lang='lat' dir='ltr'><strong>omnis</strong></span> <span class='ocrx_word' id='word_1_320' title='bbox 854 4425 1013 4513; x_wconf 88' lang='lat' dir='ltr'><strong>barbarus,</strong></span> <span class='ocrx_word' id='word_1_321' title='bbox 1029 4451 1092 4520; x_wconf 88' lang='lat' dir='ltr'><strong>qua</strong></span> <span class='ocrx_word' id='word_1_322' title='bbox 1107 4428 1215 4514; x_wconf 88' lang='lat' dir='ltr'><strong>utitur,</strong></span> <span class='ocrx_word' id='word_1_323' title='bbox 1233 4432 1371 4500; x_wconf 88' lang='lat' dir='ltr'><strong>amentia</strong></span> <span class='ocrx_word' id='word_1_324' title='bbox 1390 4451 1493 4502; x_wconf 88' lang='lat' dir='ltr'><strong>vestra</strong></span> <span class='ocrx_word' id='word_1_325' title='bbox 1507 4427 1661 4523; x_wconf 83' lang='lat' dir='ltr'><strong>gaudens.</strong></span> 
     </span>
     <span class='ocr_line' id='line_1_35' title="bbox 464 4541 1758 4637; baseline 0.005 -27"><span class='ocrx_word' id='word_1_326' title='bbox 464 4541 637 4627; x_wconf 87' lang='lat' dir='ltr'><strong>offendere,</strong></span> <span class='ocrx_word' id='word_1_327' title='bbox 656 4567 724 4614; x_wconf 89' lang='lat' dir='ltr'><strong>non</strong></span> <span class='ocrx_word' id='word_1_328' title='bbox 743 4564 851 4634; x_wconf 86' lang='lat' dir='ltr'><strong>tegere</strong></span> <span class='ocrx_word' id='word_1_329' title='bbox 869 4546 1002 4636; x_wconf 84' lang='lat' dir='ltr'><strong>potestis</strong></span> <span class='ocrx_word' id='word_1_330' title='bbox 1021 4546 1145 4615; x_wconf 88' lang='lat' dir='ltr'><strong>vicinos</strong></span> <span class='ocrx_word' id='word_1_331' title='bbox 1164 4565 1301 4630; x_wconf 83' lang='lat' dir='ltr'><strong>vestros3</strong></span> <span class='ocrx_word' id='word_1_332' title='bbox 1321 4569 1388 4616; x_wconf 91' lang='lat' dir='ltr'><strong>non</strong></span> <span class='ocrx_word' id='word_1_333' title='bbox 1409 4549 1533 4630; x_wconf 87' lang='lat' dir='ltr'><strong>Mattei,</strong></span> <span class='ocrx_word' id='word_1_334' title='bbox 1557 4564 1590 4616; x_wconf 87' lang='lat' dir='ltr'><strong>et</strong></span> <span class='ocrx_word' id='word_1_335' title='bbox 1607 4545 1663 4637; x_wconf 90' lang='lat' dir='ltr'><strong>qui</strong></span> <span class='ocrx_word' id='word_1_336' title='bbox 1696 4551 1758 4616; x_wconf 85' lang='lat'><strong>160</strong></span> 
     </span>
    </p>
   </div>
   <div class='ocr_carea' id='block_1_3' title="bbox 519 4807 1663 4871">
    <p class='ocr_par' dir='ltr' id='par_1_3' title="bbox 519 4807 1663 4871">
     <span class='ocr_line' id='line_1_36' title="bbox 519 4807 1663 4871; baseline 0.007 -21"><span class='ocrx_word' id='word_1_337' title='bbox 519 4807 729 4862; x_wconf 66' lang='lat' dir='ltr'><strong>(stauarum</strong></span> <span class='ocrx_word' id='word_1_338' title='bbox 784 4809 1104 4868; x_wconf 64' lang='lat' dir='ltr'><strong>(erasmianam</strong></span> <span class='ocrx_word' id='word_1_339' title='bbox 1159 4809 1382 4870; x_wconf 64' lang='lat' dir='ltr'><strong>(crasmaoqu</strong></span> <span class='ocrx_word' id='word_1_340' title='bbox 1437 4810 1663 4871; x_wconf 52' lang='lat' dir='ltr'><strong>(atravatrum</strong></span> 
     </span>
    </p>
   </div>
   <div class='ocr_carea' id='block_1_4' title="bbox 0 0 1951 5884">
    <p class='ocr_par' dir='ltr' id='par_1_4' title="bbox 0 0 1951 5884">
     <span class='ocr_line' id='line_1_37' title="bbox 0 0 1951 5884; baseline 0 0"><span class='ocrx_word' id='word_1_341' title='bbox 0 0 1951 5884; x_wconf 95' lang='lat' dir='ltr'><strong> </strong></span> 
     </span>
    </p>
   </div>
  </div>
 </body>
</html>
