3860 5890
573 575 599 630 1.
627 573 684 629 ue
712 573 1027 630 cestrenses.
1332 571 1392 646 129

206 795 355 868 cedentes
367 819 403 866 ac
418 819 518 888 prope
536 815 624 886 terga
647 795 758 866 dantes
781 793 877 864 videt.
925 797 967 866 ita
986 794 1137 866 confusus
1156 819 1191 866 ac
1210 816 1309 888 prope
1324 819 1393 889 per·

205 913 289 986 ditus
322 909 447 984 nullum
480 909 519 982 ad
548 933 682 982 suorum
706 913 807 982 aciem
830 913 975 1003 equitum
1005 913 1171 996 nuncium,
1194 933 1229 982 ut
1253 914 1394 998 veniant,

206 1031 314 1114 mittit,
332 1031 508 1099 immemor
522 1027 609 1120 quod
629 1027 729 1098 modo
752 1027 918 1098 discedens
941 1029 1074 1099 iusserat
1092 1053 1133 1100 ne
1153 1028 1257 1100 donec
1279 1031 1395 1102 rediret

136 1163 178 1230 70
205 1144 424 1236 procederent.
470 1143 573 1212 immo
603 1143 723 1235 paucis,
746 1143 801 1233 qui
832 1163 942 1212 secum
966 1161 1001 1212 ut
1034 1145 1193 1212 secretarii
1228 1165 1393 1230 venerant,

205 1283 280 1332 eum
310 1259 514 1350 sequentibus
547 1257 639 1326 celeri
671 1279 780 1349 gressu
804 1257 844 1328 ad
866 1279 942 1326 suos
960 1257 1091 1350 pedites,
1115 1281 1253 1351 quorum
1276 1284 1395 1350 magna

204 1399 275 1466 pars
295 1373 438 1444 hostibus
457 1393 546 1466 terga
564 1367 669 1458 dabat,
689 1375 838 1466 ipsosque
862 1374 1000 1444 adventu
1020 1375 1102 1445 illius
1124 1375 1210 1446 illico
1234 1377 1393 1448 animatos

205 1493 237 1561 in
253 1491 361 1560 hostes
374 1493 437 1558 iam
452 1493 584 1582 impetu,
598 1507 771 1581 conspecto
786 1491 914 1571 comite,
930 1489 1085 1560 tardiores
1101 1493 1204 1562 vertit.
1249 1493 1393 1584 quivero

205 1629 279 1678 cum
298 1607 415 1677 Galeaz
435 1607 586 1696 cuiusque
604 1607 730 1697 generis
753 1625 841 1676 erant
855 1607 976 1696 equites
997 1629 1065 1676 non
1085 1631 1256 1677 numerum
1275 1607 1393 1678 ducen-

134 1737 152 1804 7
157 1737 174 1804 5
204 1741 310 1790 totum
334 1719 542 1810 attingebant.
588 1719 620 1788 hi
644 1717 828 1810 expeditum
848 1740 965 1809 agmen
987 1719 1132 1810 peditum
1155 1721 1188 1790 in
1212 1719 1317 1792 fronte
1334 1743 1392 1812 po·

204 1838 301 1906 situm
331 1835 551 1928 sequebantur.
598 1853 671 1904 ante
701 1859 800 1906 omne
822 1839 965 1926 equitum
990 1859 1106 1928 agmen
1138 1857 1202 1908 erar
1233 1856 1295 1909 una
1318 1861 1393 1910 cum

204 1951 349 2022 Vassallo
379 1951 419 2022 de
449 1953 550 2022 Desio
573 1953 705 2042 comes!
721 1953 916 2042 Serapontis,
947 1955 1055 2024 nescio
1079 1953 1219 2024 Gallicus
1243 1977 1282 2024 an
1313 1955 1391 2024 Ger-

204 2089 328 2136 manus.
370 2067 533 2160 utriusque
552 2087 617 2136 erat
635 2065 762 2159 linguae
778 2067 813 2124 (·)
827 2087 954 2158 gnarus,
974 2069 1028 2158 qui
1041 2087 1118 2138 tuuc
1130 2069 1163 2138 in
1183 2069 1337 2138 Tusciam
1353 2069 1391 2138 ad

203 2183 427 2274 imperatorem
451 2183 615 2266 transiens,
635 2181 776 2272 pluribus
795 2181 905 2252 diebus
929 2181 1029 2251 fidelis
1048 2181 1176 2273 hospitii
1196 2185 1297 2274 gratia
1320 2183 1390 2254 Pla-

134 2291 176 2358 80
203 2299 324 2368 tentiae
348 2321 472 2368 moram
496 2319 631 2368 traxerat
645 2299 689 2368 (θ.
737 2297 852 2368 deinde
871 2298 1015 2390 precibus
1034 2316 1129 2389 atque
1148 2298 1240 2369 donis
1256 2299 1390 2384 illectus,

203 2437 262 2484 nec
281 2437 348 2484 non
361 2415 482 2506 gloriae
502 2415 613 2484 Martis
628 2412 773 2505 cupidus,
787 2413 880 2484 huius
899 2413 1097 2505 Guelphieae
1112 2417 1273 2498 novitatis,
1292 2439 1390 2506 quam

202 2529 373 2599 nunciabat
391 2529 562 2622 ambiguus
581 2529 671 2621 vulgi
689 2550 810 2613 rumor,
829 2548 1009 2620 expectaret
1026 2549 1190 2600 eventum
1236 2533 1288 2602 cui
1310 2533 1391 2602 Vas·

201 2645 297 2714 sallus
320 2645 360 2715 de
379 2645 501 2716 Desi0:
526 2673 543 2712 ι
562 2669 647 2728 ecee,
666 2647 780 2736 inquit,
795 2647 949 2715 comitem
969 2645 1205 2736 Philipponem,
1223 2649 1277 2738 qui
1293 2645 1326 2716 in
1341 2647 1390 2716 his

202 2759 342 2850 partibus
361 2761 459 2830 torius
477 2759 658 2830 rebellionis
677 2759 798 2850 primus
822 2777 933 2829 auctor
951 2779 1046 2851 atque
1078 2781 1172 2830 causa
1197 2759 1266 2843 fuit,
1292 2781 1389 2852 quem

132 2868 171 2954 85
202 2893 384 2945 nostrorum
408 2899 525 2968 agmen
548 2875 691 2967 peditum
716 2877 804 2945 clava
826 2895 1021 2946 sternentem
1040 2877 1175 2946 semitis.
1222 2877 1272 2946 hic
1289 2877 1389 2948 modo

201 3013 277 3060 suos
292 2991 450 3082 fugientes
469 3011 554 3062 retro
569 2993 663 3062 vertit
685 3015 721 3062 ac
741 3011 867 3062 nostros
890 2992 1037 3082 fugantes
1055 2992 1146 3061 sistit.
1191 2991 1315 3082 quidsi
1333 3015 1389 3062 sua

201 3107 347 3198 equitum
362 3107 456 3190 acies,
476 3109 566 3178 cuius
586 3131 711 3178 moram
730 3109 840 3192 miror,
858 3109 991 3192 venerit,
1007 3128 1146 3199 quorum
1164 3109 1316 3197 equitatui
1331 3131 1389 3178 no

200 3243 264 3292 ster
286 3223 423 3292 nimium
442 3223 543 3314 impar
560 3247 696 3294 numero
715 3242 763 3293 est
774 3223 818 3290 i»
868 3223 947 3292 haec
966 3245 1024 3292 nec
1043 3243 1164 3292 temere
1182 3221 1266 3292 dicta
1284 3245 1389 3314 neque

200 3339 309 3408 comiti
333 3338 439 3409 audita
456 3359 548 3424 sunt;
567 3363 643 3408 narn
663 3339 747 3408 illico
766 3340 860 3408 sociis
883 3341 1012 3428 signum
1031 3360 1112 3408 vnce
1131 3337 1228 3422 dedit,
1248 3338 1390 3428 assigna

130 3461 173 3528 90
200 3455 240 3524 de
264 3473 357 3524 coetu
376 3455 409 3524 in
428 3453 576 3524 dexuum
595 3454 675 3525 latus
699 3457 859 3547 aliquanto
877 3475 1022 3523 seorsum
1044 3453 1149 3537 verrit,
1168 3476 1210 3522 ne
1233 3452 1312 3523 dum
1334 3477 1388 3522 oc·

201 3589 302 3640 currat
320 3569 476 3655 hostibus,
494 3569 642 3661 frequens
671 3571 906 3642 Gibellinorum
930 3591 1046 3662 agmen
1069 3569 1225 3660 peditum,
1248 3571 1338 3660 equis
1352 3571 1388 3626 0)

199 3685 338 3776 pulsum,
367 3707 387 3753 a
409 3705 501 3775 tergo
524 3685 638 3754 turber.
684 3687 748 3754 iam
782 3687 945 3776 utriusque
968 3685 1064 3775 partis
1092 3684 1231 3774 expediri
1254 3682 1387 3775 pedites,

200 3799 314 3872 deinde
332 3803 386 3892 qui
410 3801 505 3870 armis
523 3801 685 3891 graviores
708 3819 797 3870 erant
819 3823 889 3869 sese
912 3799 1053 3892 undique
1070 3800 1268 3870 incursantes
1286 3799 1387 3868 incre·

200 3915 384 3988 brescebant
417 3919 477 3988 late
513 3940 667 4008 pugnam.
714 3917 802 3986 cuius
835 3918 881 3985 rei
909 3939 1002 3986 causa
1026 3915 1058 3984 hi
1091 3917 1146 4009 qui
1169 3916 1266 3986 tensis
1290 3914 1387 3985 hastis

251 4153 287 4208 (a)
302 4149 362 4198 Mu.
377 4149 494 4210 euinque
507 4149 567 4196 enim
580 4155 627 4196 eret
642 4149 730 4208 lingon
782 4151 819 4206 (b)
834 4149 895 4196 iter.
909 4149 975 4210 eqeb

233 4367 712 4440 (t)lntornoeinivedipihsorto.
749 4365 771 4422 11
817 4365 923 4422 hindar.
951 4365 985 4432 11,
1012 4379 1081 4432 atur,
1103 4379 1179 4432 trra,
1207 4377 1327 4422 «eomes
1351 4365 1385 4422 de

197 4453 423 4528 nomediquesto
434 4451 559 4526 capitano
575 4453 685 4508 tedesco
698 4455 713 4508 e
726 4451 771 4508 dai
816 4450 992 4518 Selibrum»;
1012 4449 1169 4506 finalmente
1195 4449 1215 4506 it
1239 4449 1386 4516 Musssrm

198 4537 309 4592 cronisti
345 4547 526 4592 strenamente
563 4536 702 4608 storpiato.
749 4533 770 4589 11
817 4539 855 4590 Dc
879 4539 949 4606 gesto
974 4535 1120 4592 Italicorum
1134 4543 1190 4608 post
1209 4535 1315 4590 Hmrici
1337 4535 1387 4590 ΥΠ

198 4620 339 4687 Feretro,
352 4619 399 4686 Vl,
417 4635 491 4686 rear,
503 4619 590 4676 κῆνο
601 4639 615 4668 e
627 4637 722 4676 comes
737 4615 770 4675 de
816 4621 920 4686 obirem,
936 4619 957 4684 1,
975 4619 1046 4674 rubr.
1065 4634 1094 4685 v,
1115 4635 1234 4674 «eomes
1256 4617 1386 4674 Senebru·

198 4705 367 4770 salebram
387 4703 421 4760 G.
437 4703 586 4772 Veterum,
607 4705 699 4758 Cbrose
716 4705 769 4758 Ast.
815 4705 878 4758 tii».
921 4703 1011 4758 Parmi
1030 4703 1075 4778 pin
1103 4703 1194 4758 uicino
1224 4703 1249 4758 al
1275 4719 1341 4758 vero
1366 4703 1384 4758 ii

200 4788 294 4856 txvr,
311 4803 361 4856 aso
376 4807 391 4842 e
404 4805 472 4862 agg„
491 4787 519 4842 lo
538 4787 646 4842 chiama
663 4809 676 4836 ι
688 4799 769 4842 conte
816 4789 944 4844 Ventura.

198 4873 224 4926 di
239 4873 407 4944 Salabrug»;
422 4872 450 4928 Β.
464 4871 602 4938 Moerum,
612 4871 658 4930 nel
672 4871 768 4928 Chen.

304 4993 322 5038 Ι.
337 4995 365 5038 de
380 4993 523 5040 Carmente.
1266 5008 1281 5052 9
