3860 5884
617 545 643 600 1.
670 543 729 599 DE
756 541 1071 600 tentanum.
1392 543 1434 612 45

249 765 394 834 instantis
417 765 499 854 regis
526 765 668 846 nuntios,
688 787 762 834 cum
787 763 840 834 diu
870 763 997 832 silentio
1020 762 1104 832 facto
1128 761 1269 854 undique
1291 781 1438 854 expecta·

183 899 223 950 ro
249 897 334 948 retur
352 877 446 948 buius
460 879 638 969 promissor
652 879 803 962 muneris,
822 901 859 946 ac
874 901 972 948 nemo
986 897 1128 968 surgeret
1150 877 1255 946 dicere
1268 877 1345 968 quid
1360 899 1437 946 con-

249 995 381 1064 veniens
394 993 685 1078 videatur,tandem
696 995 812 1076 cuncti,
822 995 903 1063 inter
912 1013 1064 1076 caeteros,
1076 993 1218 1062 nobilem
1231 1013 1325 1084 atque
1336 993 1438 1062 boue·

249 1131 347 1194 stum
361 1111 532 1202 minusque
549 1109 723 1180 ambitione
734 1127 918 1202 suspectum
933 1111 1057 1200 civeml
1070 1127 1218 1200 reputant
1234 1107 1438 1200 spectabilem
1496 1133 1516 1166 c.
1533 1133 1597 1182 ¹¹³·

250 1225 459 1296 Guillelmum
472 1225 511 1294 de
530 1225 673 1295 Pusterla
686 1245 782 1315 atque
800 1224 944 1310 suadent,
960 1225 1100 1317 quidque
1115 1247 1210 1316 super
1225 1224 1288 1294 hoc
1303 1224 1439 1314 dignum

249 1343 291 1412 sit
303 1343 462 1414 dicturum
476 1343 625 1412 excitant.
661 1364 799 1434 cumque
811 1341 885 1412 inde
897 1365 932 1411 se
946 1359 1121 1424 excusaret,
1134 1341 1228 1410 huius
1251 1341 1295 1410 rei
1310 1361 1394 1410 onus
1405 1338 1440 1396 (⁸)

184 1479 219 1546 15
250 1461 414 1530 etcivium
425 1457 578 1528 invidiam
610 1457 746 1548 fugiens,
767 1481 833 1528 uno
852 1478 908 1527 ore
935 1457 1109 1526 clamantes
1133 1455 1301 1524 dixemnt:
1324 1454 1440 1524 edicat

250 1573 450 1660 Guilelmus,
474 1573 563 1644 cuins
582 1573 703 1644 dictum
722 1597 820 1644 nemo
843 1575 991 1663 corrigat,
1015 1571 1071 1642 sed
1090 1571 1177 1662 quod
1200 1571 1313 1640 dixerit
1335 1590 1440 1640 ratum

249 1691 328 1760 sita.
369 1687 499 1760 tandem
508 1691 563 1760 diu
574 1687 980 1780 rogatus‚nibilpraelatus,
993 1689 1100 1778 paucis
1113 1687 1228 1772 verbis,
1235 1707 1271 1756 ut
1279 1685 1329 1758 sui
1341 1687 1440 1756 moris

249 1825 327 1888 erat,
338 1806 568 1898 quinquaginta
580 1805 678 1874 millia
696 1803 894 1874 florenorum
912 1805 981 1894 regi
995 1805 1084 1873 dono
1102 1803 1168 1872 dari
1188 1803 1288 1872 iussit.
1333 1803 1441 1872 cuncti

249 1919 463 1990 assentiebant
476 1920 520 1990 ll).
562 1943 675 1990 verum
691 1921 830 1990 Matteus
841 1921 1031 1990 Vicecomes
1043 1917 1162 1988 addens
1178 1916 1275 1986 dixit:
1322 1937 1382 1986 aet
1395 1941 1442 1986 re·

178 2055 222 2105 20
249 2037 343 2126 ginae
366 2033 553 2104 donandum
584 2058 654 2104 esse
683 2037 759 2104 satis
781 2035 908 2104 videtur
930 2033 1095 2118 idoneum,
1119 2033 1170 2102 cui
1194 2033 1305 2102 saltem
1329 2031 1441 2100 decem

249 2151 347 2218 millia
358 2149 554 2219 florenomm
566 2150 600 2206 (θ)
613 2150 769 2220 denturu.
812 2151 901 2220 cuius
918 2149 1026 2219 audito
1045 2173 1207 2232 sermone,
1226 2148 1334 2220 Guido
1354 2147 1441 2217 dela

249 2267 356 2334 Turre
375 2265 470 2334 calori
489 2265 583 2336 nimis
600 2289 729 2356 pronun
750 2267 801 2334 cui
816 2289 920 2356 neque
936 2267 1016 2334 iram
1035 2265 1193 2334 occultare
1212 2287 1356 2356 unquam
1375 2265 1441 2334 ani-

250 2405 323 2452 mus
347 2399 437 2472 aptus
456 2379 524 2465 fuit,
544 2381 733 2451 adulationis
753 2381 867 2450 vitium
887 2383 920 2448 in
938 2399 1027 2450 tanto
1046 2382 1115 2450 cive
1139 2382 1326 2471 suspiciens,
1346 2399 1441 2470 atque

249 2495 324 2566 inde
343 2494 569 2586 indignationis
589 2520 717 2566 causam
733 2519 876 2578 sumens,
892 2497 901 2586 q
923 2523 939 2560 a
957 2495 1074 2578 hicne,
1089 2495 1201 2586 inquit,
1222 2517 1293 2564 mos
1313 2493 1441 2566 bonesti

178 2632 220 2699 25
250 2613 328 2682 civis
351 2629 409 2694 est,
432 2635 473 2680 ne
492 2611 644 2682 decorum
668 2611 748 2682 ultra
764 2635 974 2682 communem
996 2611 1146 2681 omnium
1170 2635 1336 2682 assensum
1359 2611 1441 2684 velle

248 2727 342 2796 alieni
355 2728 434 2796 aeris
448 2727 613 2818 largitione
626 2727 817 2798 liberalitatis
832 2750 952 2796 nomen
967 2727 1141 2797 sumereia
1178 2727 1295 2797 deinde
1311 2726 1350 2796 de
1362 2749 1440 2796 con·

249 2843 320 2912 silio
334 2843 370 2898 (⁴)
395 2842 521 2912 abiens:
549 2867 633 2912 «cur
649 2867 727 2926 non,
751 2845 864 2934 inquit,
884 2863 1013 2912 centum
1037 2843 1136 2912 millia
1159 2845 1282 2912 cunctis
1304 2843 1441 2912 dentur?

250 2959 301 3028 hic
313 2981 466 3028 numems
481 2959 658 3048 completus
671 2977 719 3028 est
730 2985 760 3026 a.
800 2957 886 3028 hunc
904 2980 1088 3028 sermonem
1099 2959 1347 3028 immurmurans
1359 2959 1393 3014 (⁸)
1404 2980 1441 3028 ac

250 3073 375 3166 saepius
399 3075 525 3156 iterans,
550 3071 636 3142 velut
655 3071 729 3142 inde
752 3073 863 3164 pulsus
886 3073 983 3156 vadit,
1006 3073 1161 3164 paucique
1184 3097 1260 3143 suae
1283 3073 1441 3156 factionis,

182 3209 223 3278 30
250 3212 331 3280 quae
345 3191 416 3279 plus
434 3188 635 3280 popularium
653 3213 752 3280 quam
771 3189 927 3260 nobilium
941 3189 1145 3260 multitudine
1163 3189 1291 3280 vigebat
1304 3192 1336 3260 in
1352 3191 1440 3274 urbe,

250 3304 291 3373 de
303 3323 396 3372 coetu
407 3302 537 3395 (motis)
550 3303 755 3388 abeuntque
768 3305 852 3374 claro
864 3328 1014 3375 sermone
1025 3305 1060 3362 (r)
1069 3305 1233 3376 laudantes
1246 3307 1325 3374 iram
1337 3327 1440 3375 snam.

251 3421 364 3488 caeteri
383 3419 543 3489 Guillelmi
561 3421 702 3511 primum
721 3421 843 3491 dictum
861 3421 989 3491 laudant
1004 3421 1127 3506 lmstra,
1143 3441 1238 3512 atque
1252 3420 1381 3490 firmant
1394 3421 1441 3490 (ὃ).

251 3559 363 3606 verum
381 3537 485 3606 stolidi
508 3537 668 3606 Guidonis
690 3538 870 3628 promissio,
890 3557 1063 3630 utcumque
1078 3537 1160 3608 lacta
1171 3538 1216 3620 (¹),
1234 3539 1310 3628 quia
1327 3539 1440 3622 maior,

308 3746 337 3798 (a)
353 3743 593 3790 [carmentae
621 3741 973 3798 lblssiauentlrerldtbentnr.
1002 3743 1174 3798 (cinifloreni
1203 3743 1443 3800 (michilenbur-

250 3823 503 3870 unumunurm?
525 3821 710 3870 demdeeondlio
736 3825 972 3882 (etAamnrmutam
999 3823 1207 3880 (ilemnrmute
1234 3823 1441 3882 (glfibaflrmant

286 4000 329 4069 (t)
348 3999 388 4054 La
411 3997 537 4054 versione
554 3997 600 4054 del
628 3999 671 4064 C„
690 4011 824 4054 accettata
870 4009 923 4054 «et
937 3997 1021 4066 dives,
1036 4009 1062 4054 et
1080 3999 1154 4072 quod
1167 4016 1262 4072 parum
1277 4013 1335 4056 etat
1350 4017 1443 4058 secun·

251 4084 454 4154 generalmente
469 4083 514 4138 dai
529 4082 747 4156 moderniepiii
761 4099 825 4138 con·
871 4081 960 4139 edum
975 4082 1152 4154 indigentiam
1162 4083 1277 4139 domini.
1313 4083 1444 4140 Undeni-

251 4167 378 4222 iorrneal
398 4182 473 4222 vero.
506 4166 598 4222 Dalui
613 4165 739 4222 discorda
758 4166 823 4223 Nic.
871 4166 1007 4222 «debatur
1028 4167 1052 4222 ei
1074 4167 1146 4241 quod
1168 4185 1224 4222 non
1245 4168 1336 4224 minus
1359 4185 1441 4242 quam

252 4251 341 4308 Bora.
375 4253 443 4323 89⁴²
482 4251 654 4306 «Dominus
687 4250 824 4306 Mattheus
869 4262 1005 4306 «centnm
1038 4249 1125 4305 mdba
1160 4249 1327 4306 florenorum
1362 4251 1443 4308 debe·

253 4333 703 4408 «dixitquodbeneeratdicmm.
725 4333 824 4408 Etplu·
870 4335 959 4390 «bant
977 4337 1061 4390 dcc».
1094 4333 1272 4402 llMussaro,
1291 4335 1356 4390 Hiar.
1375 4337 1442 4408 Aug.

253 4417 589 4475 «madiconcordabana
611 4419 723 4475 Addidit
731 4433 824 4476 tamen
870 4419 904 4486 11,
914 4419 984 4472 rubr.
1007 4433 1029 4485 r,
1050 4435 1108 4490 34¹·
1127 4419 1257 4474 vorrebbe
1275 4419 1398 4492 spiegart
1415 4418 1443 4475 la

252 4519 361 4558 aunum
375 4503 449 4577 qood
461 4501 563 4576 aliquid
576 4502 683 4558 daretur
695 4503 824 4559 dominae
869 4520 934 4574 gara
947 4503 1018 4558 delle
1036 4503 1130 4560 offerte
1140 4504 1166 4559 di
1177 4503 1280 4558 Matteo
1291 4501 1443 4560 Viscontic

251 4587 387 4658 «reginae
410 4602 461 4658 pro
482 4585 557 4640 curia
580 4603 629 4642 sna
650 4587 776 4652 tenenda,
797 4599 824 4642 et
869 4587 895 4642 di
906 4587 1007 4654 Cnido,
1026 4607 1041 4638 α
1053 4586 1203 4644 ambitiosis
1213 4587 1338 4662 utrinqne
1348 4589 1443 4644 studiis

252 4671 341 4726 «dixit
355 4671 389 4726 de
404 4669 501 4725 decern
516 4669 636 4726 millibus
648 4669 823 4726 florenorum.
871 4671 1038 4727 «ostendere
1056 4671 1170 4745 potioris
1187 4669 1340 4728 dilectionis
1358 4675 1386 4728 in
1405 4689 1444 4728 re

252 4773 266 4802 ι
277 4753 310 4809 Et
324 4753 444 4826 pluribus
457 4753 567 4828 placuit.
603 4751 683 4810 Tunc
695 4753 824 4810 domium
870 4775 886 4806 ι
896 4771 959 4828 gem
969 4777 995 4822 a,
1008 4773 1053 4810 ma
1066 4755 1100 4810 da
1109 4772 1146 4811 un
1161 4755 1329 4812 documento
1342 4755 1443 4830 pubbli-

252 4837 371 4894 «Gnido
385 4839 538 4912 diutquod
551 4837 646 4896 civitas
658 4851 824 4913 eratpotens
869 4853 931 4896 cato
944 4839 988 4896 dal
1007 4839 1123 4896 Bonaiui
1137 4839 1297 4898 siamolatti
1310 4841 1375 4897 certi
1391 4841 1443 4898 che
