3874 5886
492 561 514 628 4
967 553 1214 612 HISTORIA

339 816 361 854 e.
377 805 430 865 ιρι
491 777 566 848 chra
584 779 679 846 etiam
691 778 834 846 oratione
846 775 998 867 superbos
1009 776 1019 867 l
1030 776 1214 866 saepissime
1229 774 1451 856 refraenantes,
1464 792 1495 843 et
1513 795 1593 863 quos
1612 794 1684 840 sen·
1717 789 1758 836 10

490 896 587 963 timus
611 892 789 962 iracundiae
812 893 907 962 nimis
929 915 1060 983 pronos.
1107 890 1291 962 huiusmodi
1318 911 1426 960 tamen
1453 890 1597 958 miseriae
1625 888 1684 958 hu-

490 1029 724 1098 manorumque
740 1007 892 1075 vitiorum
905 1003 1044 1074 remedia
1056 1003 1126 1094 plus
1138 1002 1288 1095 prodesse
1303 1001 1450 1072 videmus
1465 1004 1492 1070 si
1505 1025 1572 1071 non
1584 1001 1685 1070 modo

488 1120 706 1210 praesentibus
724 1121 813 1190 velut
831 1139 903 1190 ante
922 1119 1033 1189 oculos
1049 1119 1171 1210 sculpta
1181 1119 1216 1176 (⁸)
1234 1119 1290 1188 sed
1310 1121 1406 1188 etiarn
1433 1119 1568 1208 posteris
1594 1135 1685 1186 nota·

490 1236 604 1306 bilibus
623 1237 816 1306 mandentur
840 1237 1004 1328 exemplis,
1032 1255 1142 1327 utpote
1168 1259 1225 1326 per
1254 1235 1452 1325 scripturam,
1481 1256 1562 1324 quae
1592 1234 1685 1301 uuica

489 1356 694 1424 scientiarum
713 1373 807 1445 atque
833 1355 948 1424 artium
975 1353 1150 1422 liberalium
1178 1349 1281 1420 fidelis
1311 1370 1417 1420 custos
1445 1347 1630 1418 mortalibus
1649 1371 1685 1418 ac
1718 1365 1755 1430 15

489 1471 632 1540 ministra
657 1494 783 1562 semper
805 1471 920 1540 fuito).
967 1495 1040 1540 cum
1063 1473 1169 1562 itaque
1192 1471 1398 1559 antiquorum
1420 1466 1586 1560 praeclaris
1609 1488 1686 1556 ope·

488 1607 559 1654 rum
582 1585 705 1669 studiis,
716 1588 860 1656 scrutatis
873 1585 1014 1677 undique
1025 1584 1121 1668 libris,
1134 1585 1235 1674 gratia
1254 1585 1327 1666 Dei,
1349 1583 1519 1674 aliquando
1544 1581 1685 1672 profece-

464 1757 465 1760 ,
488 1703 561 1785 rim,
572 1725 613 1770 ne
625 1700 722 1791 digne
733 1701 881 1791 redargui
895 1703 1016 1790 possim
1031 1723 1068 1768 ac
1083 1699 1145 1768 dici
1159 1700 1253 1768 alieni
1265 1721 1392 1790 semper
1403 1716 1558 1768 scrutator
1569 1699 1685 1786 operis,

488 1815 568 1884 nihil
581 1815 746 1906 deponens
761 1834 815 1886 aut
829 1817 963 1907 posteris
980 1814 1197 1906 perlaborans3
1213 1837 1294 1906 quae
1310 1831 1482 1883 occurrunt
1495 1835 1570 1904 prae
1584 1811 1685 1881 oculis

489 1933 605 2001 nostris
624 1931 724 2002 relatu
743 1932 840 2022 digna
859 1933 994 2013 decrevi,
1009 1951 1104 2022 prout
1121 1951 1212 2022 gesta
1225 1951 1312 2014 sunt,
1327 1929 1504 2000 describere
1515 1929 1560 1997 (⁶).
1607 1928 1685 1999 etl⁴l
1713 1941 1757 1990 20

489 2071 528 2118 ea
536 2048 667 2138 quidem
677 2047 845 2116 lectoribus
861 2047 998 2116 multum
1010 2045 1161 2137 prodesse
1176 2047 1325 2116 existimo
1338 2047 1382 2130 (⁸),
1399 2070 1475 2115 uam
1488 2046 1567 2115 dum
1579 2069 1684 2114 rerum

490 2182 584 2253 atque
596 2163 924 2254 hominumleventus
933 2164 1116 2232 examinant
1125 2181 1219 2254 atque
1227 2182 1361 2232 cernunt
1370 2163 1446 2254 quid
1459 2163 1560 2230 vitent
1568 2160 1685 2252 quidve

490 2296 662 2368 sequantur
679 2277 798 2346 ibidem
822 2277 972 2368 exemplo
992 2278 1129 2368 capiunt.
1176 2299 1289 2346 verum
1309 2301 1350 2346 ue
1369 2299 1422 2344 me
1441 2279 1590 2366 ignarum
1613 2297 1684 2344 mo·

489 2391 622 2462 diritatis
641 2393 750 2482 ingenj
771 2395 836 2461 mei
850 2393 932 2462 forte
950 2392 1084 2462 lectores
1100 2401 1223 2483 putent,
1241 2394 1318 2463 dum
1334 2392 1452 2462 viribus
1472 2395 1593 2460 maiora
1613 2413 1685 2483 pro·

490 2509 595 2590 mitto,
610 2528 777 2598 protestor,
790 2508 878 2577 volui
887 2509 993 2599 plures
1009 2508 1125 2578 adhoc
1143 2511 1278 2600 aptiores
1293 2507 1441 2578 inducere
1457 2510 1482 2575 si
1496 2509 1683 2598 potuissem.
1711 2519 1752 2584 25

489 2647 530 2691 ne
549 2624 654 2713 itaque
673 2641 740 2690 tam
759 2642 984 2692 monstruosae
1003 2645 1109 2692 rerum
1129 2623 1243 2707 moles,
1262 2646 1339 2714 quas
1359 2623 1453 2692 tristis
1465 2622 1500 2678 (f)
1524 2640 1608 2690 aetas
1628 2644 1685 2690 no·

489 2757 553 2806 stra
564 2736 653 2821 vidit,
669 2762 813 2829 quasque
825 2740 892 2829 ipsa
903 2739 1061 2808 horribilis
1076 2759 1108 2808 et
1121 2762 1206 2807 nova
1218 2761 1324 2808 rerum
1339 2739 1513 2807 enormitas
1526 2735 1684 2804 mirabiles

489 2875 525 2922 ac
542 2853 639 2922 relatu
654 2852 768 2944 dignas
782 2853 896 2938 effecit,
910 2873 1052 2945 pereant,
1071 2853 1174 2922 immo
1191 2856 1301 2924 vivant
1317 2855 1475 2922 memoria
1490 2852 1537 2934 (Β),
1550 2873 1620 2920 rem
1636 2873 1683 2920 ar·

489 2967 586 3037 duam
614 2970 794 3059 aggredior,
818 2993 885 3038 non
911 2971 980 3040 sine
1005 2971 1275 3062 praesumptione,
1296 2989 1422 3038 tautum
1440 2991 1521 3058 opus
1540 2991 1682 3050 sumens,

490 3107 572 3152 onus
591 3084 709 3154 scilicet
731 3083 850 3154 viribus
870 3085 973 3176 impar
991 3087 1086 3169 meis3
1105 3107 1218 3154 verum
1237 3107 1341 3175 spero,
1362 3107 1436 3153 cum
1448 3083 1483 3140 θ’)
1502 3083 1684 3152 inconditus
1713 3097 1754 3166 30

489 3221 595 3268 sermo
615 3222 706 3270 meus
725 3223 745 3268 a
762 3200 897 3270 lectione
916 3201 1046 3284 reficiet,
1066 3201 1132 3290 ipsa
1157 3198 1301 3269 miranda
1323 3221 1430 3268 rerum
1457 3199 1583 3268 novitas
1606 3221 1683 3288 qua-

490 3314 564 3383 dam
587 3313 796 3384 delectatione
819 3313 989 3408 aliquando
1007 3317 1123 3406 poterit
1144 3338 1318 3405 provocare
1342 3316 1503 3384 lectorem.
1550 3315 1685 3404 dignum

489 3431 595 3521 itaque
614 3450 707 3522 atque
733 3449 842 3522 aptum
861 3431 1024 3501 narrandis
1047 3431 1141 3501 rebus
1158 3433 1348 3524 principium
1363 3454 1530 3523 quaerens,
1548 3429 1687 3520 diuque}

491 3545 661 3630 haesitans,
684 3568 839 3638 suspenso
857 3547 975 3616 mentis
994 3547 1128 3631 calamo,
1147 3547 1277 3616 tandem
1296 3548 1336 3616 de
1354 3549 1547 3618 serenissimi
1567 3571 1603 3616 ac
1625 3547 1686 3614 mi·

491 3663 593 3730 rabilis
616 3663 763 3754 principis
787 3665 918 3733 Heurici
942 3664 982 3733 de
1006 3664 1203 3755 Lucimburg
1221 3665 1268 3750 (ἱ),
1288 3689 1385 3756 quem
1411 3667 1550 3756 primum
1578 3683 1686 3734 nostra
1714 3685 1752 3752 35

492 3797 591 3846 aetate
609 3780 834 3868 imperatorem
852 3779 1001 3862 vidimus,
1020 3781 1052 3850 iu
1072 3781 1196 3850 Italiam
1216 3781 1354 3850 adventu
1374 3782 1407 3849 in
1427 3782 1535 3872 primis
1554 3799 1685 3849 tractare

492 3893 593 3980 aptius
612 3893 718 3961 visum
737 3911 793 3972 est,
813 3895 868 3983 qui
884 3917 1037 3984 maguam
1053 3894 1210 3964 scribendi
1226 3916 1355 3964 causam
1377 3895 1470 3962 nobis
1490 3894 1586 3963 dedit.
1631 3917 1686 3962 ve·

492 4029 563 4076 rum
576 4009 760 4098 priusquam
772 4009 898 4078 initium
910 4009 1035 4080 dicendi
1047 4009 1083 4066 (Ι)
1094 4009 1219 4094 faciam,
1231 4009 1463 4078 Ambrosianae
1474 4009 1559 4079 urbis
1577 4011 1685 4092 situm,

547 4293 576 4349 (a)
591 4291 631 4338 Bb
644 4293 662 4338 sl
677 4303 722 4337 nou
738 4293 806 4338 modo
819 4291 972 4351 praeoemibus
985 4293 1024 4339 sed
1037 4293 1104 4341 eriam
1118 4295 1214 4354 posteris
1228 4295 1288 4341 auur
1357 4293 1388 4350 (bl
1406 4294 1446 4339 at
1460 4307 1516 4354 quae
1534 4293 1600 4340 unica
1617 4293 1686 4340 acien-

493 4373 574 4418 lirmm
588 4381 654 4432 atque
667 4373 749 4420 artium
764 4372 886 4419 liberalium
900 4373 970 4418 fidelis
984 4383 1062 4420 runos
1076 4383 1108 4422 est
1123 4387 1150 4420 re
1163 4389 1237 4420 rerum
1251 4383 1364 4434 gestarum
1379 4375 1509 4420 memoriam
1524 4383 1605 4420 susat.
1634 4385 1687 4419 cum

492 4451 567 4510 ltaque
594 4489 599 4494 .
620 4453 649 4508 (e)
665 4453 703 4499 Bb
717 4465 768 4498 curn
782 4451 857 4510 iraque
871 4453 1015 4512 antiquorum
1029 4455 1151 4514 praeclaris
1169 4467 1259 4512 operam
1275 4453 1356 4500 studiis
1370 4467 1425 4499 usus
1444 4455 1521 4500 multis
1535 4467 1611 4500 ιοιιιιιι
1626 4466 1688 4499 scru-

493 4531 545 4576 tatis
562 4531 660 4591 undique
676 4531 746 4586 libris,
766 4532 856 4589 praevia
870 4533 942 4589 gratia
960 4533 1000 4578 Dei
1014 4532 1136 4592 aliquando
1154 4533 1299 4592 profecerim,
1318 4543 1343 4579 ut
1356 4533 1425 4592 digne
1443 4535 1548 4592 redargui
1562 4531 1645 4592 possim
1659 4544 1687 4577 ac

493 4611 537 4656 diei
550 4611 616 4657 alieri
630 4625 718 4670 semper
734 4621 846 4660 scrutator
863 4613 939 4672 operis
959 4613 1013 4658 nibil
1031 4625 1145 4672 reponens
1164 4621 1204 4659 aut
1224 4613 1318 4672 posteris
1336 4615 1492 4673 perlaboraus;
1508 4627 1567 4672 quae
1586 4625 1688 4658 orcum

493 4699 545 4736 runt
560 4703 612 4750 prae
625 4691 697 4737 oeulis
710 4693 782 4738 relatu
796 4692 863 4752 argu·
877 4693 968 4739 decrevi
1045 4693 1075 4750 (d)
1091 4692 1130 4739 Bb
1144 4693 1272 4740 describere
1286 4707 1311 4739 ea
1325 4693 1413 4751 quidem
1491 4695 1520 4750 (e)
1536 4693 1572 4738 nt
1586 4691 1688 4749 suspicor

496 4767 526 4827 (s)
537 4769 649 4816 Bbtestla
708 4773 742 4829 (sl
757 4773 798 4817 Aa
812 4773 882 4819 immo
895 4773 1006 4820 vivant...
1021 4785 1068 4820 rem
1082 4773 1175 4818 ιιάιιιιιι
1238 4773 1269 4828 (h)
1285 4774 1328 4820 Aa
1341 4787 1355 4818 e
1369 4774 1411 4819 Bb
1424 4785 1492 4832 quem
1551 4771 1586 4830 (ἰ)
1600 4773 1629 4816 de
1643 4771 1688 4816 Lu·

495 4850 610 4908 cbuborpo
665 4851 696 4906 li>
711 4851 752 4897 et
765 4853 871 4898 amnui
