<?xml version="1.0" encoding="UTF-8"?>
<!DOCTYPE html PUBLIC "-//W3C//DTD XHTML 1.0 Transitional//EN"
    "http://www.w3.org/TR/xhtml1/DTD/xhtml1-transitional.dtd">
<html xmlns="http://www.w3.org/1999/xhtml" xml:lang="en" lang="en">
 <head>
  <title>
</title>
<meta http-equiv="Content-Type" content="text/html;charset=utf-8" />
  <meta name='ocr-system' content='tesseract 3.04.00' />
  <meta name='ocr-capabilities' content='ocr_page ocr_carea ocr_par ocr_line ocrx_word'/>
</head>
<body>
  <div class='ocr_page' id='page_1' title='image "./historiaiohanni01farrgoog_0199.png"; bbox 0 0 3860 5890; ppageno 0'>
   <div class='ocr_carea' id='block_1_1' title="bbox 609 560 1423 638">
    <p class='ocr_par' dir='ltr' id='par_1_1' title="bbox 609 560 1423 638">
     <span class='ocr_line' id='line_1_1' title="bbox 609 560 1423 638; baseline 0.029 -23"><span class='ocrx_word' id='word_1_1' title='bbox 609 560 634 614; x_wconf 91' lang='lat' dir='ltr'><strong>l.</strong></span> <span class='ocrx_word' id='word_1_2' title='bbox 664 561 721 616; x_wconf 83' lang='lat' dir='ltr'><strong>DE</strong></span> <span class='ocrx_word' id='word_1_3' title='bbox 749 561 1064 620; x_wconf 77' lang='lat' dir='ltr'>CERMENATE.</span> <span class='ocrx_word' id='word_1_4' title='bbox 1365 569 1423 638; x_wconf 81' lang='lat'><strong>¹39</strong></span> 
     </span>
    </p>
   </div>
   <div class='ocr_carea' id='block_1_2' title="bbox 151 776 1425 4450">
    <p class='ocr_par' dir='ltr' id='par_1_2' title="bbox 151 776 1425 4450">
     <span class='ocr_line' id='line_1_2' title="bbox 245 776 1425 874; baseline 0.006 -28"><span class='ocrx_word' id='word_1_5' title='bbox 245 801 281 846; x_wconf 88' lang='lat' dir='ltr'><strong>ac</strong></span> <span class='ocrx_word' id='word_1_6' title='bbox 309 776 466 868; x_wconf 85' lang='lat' dir='ltr'><strong>plerisque</strong></span> <span class='ocrx_word' id='word_1_7' title='bbox 488 801 602 848; x_wconf 85' lang='lat' dir='ltr'><strong>torum</strong></span> <span class='ocrx_word' id='word_1_8' title='bbox 627 780 745 872; x_wconf 83' lang='lat' dir='ltr'>absque</span> <span class='ocrx_word' id='word_1_9' title='bbox 773 783 950 872; x_wconf 85' lang='lat' dir='ltr'><strong>ignominia</strong></span> <span class='ocrx_word' id='word_1_10' title='bbox 983 807 1039 874; x_wconf 91' lang='lat' dir='ltr'><strong>per</strong></span> <span class='ocrx_word' id='word_1_11' title='bbox 1062 782 1184 852; x_wconf 89' lang='lat' dir='ltr'><strong>medios</strong></span> <span class='ocrx_word' id='word_1_12' title='bbox 1208 783 1314 854; x_wconf 88' lang='lat' dir='ltr'><strong>hostes</strong></span> <span class='ocrx_word' id='word_1_13' title='bbox 1343 785 1425 854; x_wconf 86' lang='lat' dir='ltr'><strong>lacta</strong></span> 
     </span>
     <span class='ocr_line' id='line_1_3' title="bbox 174 893 1425 988; baseline 0.007 -28"><span class='ocrx_word' id='word_1_14' title='bbox 174 909 218 976; x_wconf 87' lang='lat'><strong>90</strong></span> <span class='ocrx_word' id='word_1_15' title='bbox 244 894 295 962; x_wconf 82' lang='lat' dir='ltr'><strong>via</strong></span> <span class='ocrx_word' id='word_1_16' title='bbox 317 893 453 964; x_wconf 81' lang='lat' dir='ltr'><strong>evadere</strong></span> <span class='ocrx_word' id='word_1_17' title='bbox 483 917 519 964; x_wconf 85' lang='lat' dir='ltr'><strong>tc</strong></span> <span class='ocrx_word' id='word_1_18' title='bbox 541 913 647 966; x_wconf 78' lang='lat' dir='ltr'><strong>tunam</strong></span> <span class='ocrx_word' id='word_1_19' title='bbox 669 897 728 966; x_wconf 86' lang='lat' dir='ltr'><strong>sibi</strong></span> <span class='ocrx_word' id='word_1_20' title='bbox 758 897 866 967; x_wconf 87' lang='lat' dir='ltr'><strong>locum</strong></span> <span class='ocrx_word' id='word_1_21' title='bbox 889 917 995 988; x_wconf 91' lang='lat' dir='ltr'><strong>petere</strong></span> <span class='ocrx_word' id='word_1_22' title='bbox 1018 897 1125 983; x_wconf 83' lang='lat' dir='ltr'><strong>licult3</strong></span> <span class='ocrx_word' id='word_1_23' title='bbox 1148 898 1203 966; x_wconf 90' lang='lat' dir='ltr'><strong>sed</strong></span> <span class='ocrx_word' id='word_1_24' title='bbox 1232 919 1425 968; x_wconf 82' lang='lat' dir='ltr'><strong>revertentes</strong></span> 
     </span>
     <span class='ocr_line' id='line_1_4' title="bbox 243 1007 1424 1104; baseline 0.006 -28"><span class='ocrx_word' id='word_1_25' title='bbox 243 1007 344 1080; x_wconf 87' lang='lat' dir='ltr'><strong>occidi</strong></span> <span class='ocrx_word' id='word_1_26' title='bbox 367 1011 473 1101; x_wconf 92' lang='lat' dir='ltr'><strong>potius</strong></span> <span class='ocrx_word' id='word_1_27' title='bbox 497 1029 551 1080; x_wconf 90' lang='lat' dir='ltr'><strong>aut</strong></span> <span class='ocrx_word' id='word_1_28' title='bbox 574 1011 642 1102; x_wconf 88' lang='lat' dir='ltr'><strong>capi</strong></span> <span class='ocrx_word' id='word_1_29' title='bbox 659 1011 802 1082; x_wconf 86' lang='lat' dir='ltr'><strong>hostibus</strong></span> <span class='ocrx_word' id='word_1_30' title='bbox 824 1012 1013 1098; x_wconf 84' lang='lat' dir='ltr'><strong>maluerunt,</strong></span> <span class='ocrx_word' id='word_1_31' title='bbox 1027 1037 1164 1103; x_wconf 90' lang='lat' dir='ltr'><strong>quorum</strong></span> <span class='ocrx_word' id='word_1_32' title='bbox 1182 1013 1424 1104; x_wconf 82' lang='lat' dir='ltr'><strong>insuperabilem</strong></span> 
     </span>
     <span class='ocr_line' id='line_1_5' title="bbox 244 1121 1424 1198; baseline 0.007 -8"><span class='ocrx_word' id='word_1_33' title='bbox 244 1121 482 1194; x_wconf 79' lang='lat' dir='ltr'><strong>multitudinem</strong></span> <span class='ocrx_word' id='word_1_34' title='bbox 516 1147 584 1195; x_wconf 89' lang='lat' dir='ltr'><strong>esse</strong></span> <span class='ocrx_word' id='word_1_35' title='bbox 619 1125 789 1196; x_wconf 80' lang='lat' dir='ltr'><strong>cernebant</strong></span> <span class='ocrx_word' id='word_1_36' title='bbox 803 1127 848 1194; x_wconf 79' lang='grc'><strong>0).</strong></span> <span class='ocrx_word' id='word_1_37' title='bbox 895 1127 990 1197; x_wconf 89' lang='lat' dir='ltr'><strong>hodie</strong></span> <span class='ocrx_word' id='word_1_38' title='bbox 1024 1129 1120 1198; x_wconf 89' lang='lat' dir='ltr'><strong>etiam</strong></span> <span class='ocrx_word' id='word_1_39' title='bbox 1151 1129 1185 1198; x_wconf 92' lang='lat' dir='ltr'><strong>in</strong></span> <span class='ocrx_word' id='word_1_40' title='bbox 1214 1128 1291 1198; x_wconf 87' lang='lat' dir='ltr'><strong>urhe</strong></span> <span class='ocrx_word' id='word_1_41' title='bbox 1317 1147 1424 1198; x_wconf 89' lang='lat' dir='ltr'><strong>nostra</strong></span> 
     </span>
     <span class='ocr_line' id='line_1_6' title="bbox 243 1238 1423 1334; baseline 0.003 -28"><span class='ocrx_word' id='word_1_42' title='bbox 243 1261 337 1330; x_wconf 87' lang='lat' dir='ltr'><strong>saepe</strong></span> <span class='ocrx_word' id='word_1_43' title='bbox 369 1238 460 1310; x_wconf 92' lang='lat' dir='ltr'><strong>huius</strong></span> <span class='ocrx_word' id='word_1_44' title='bbox 486 1241 630 1330; x_wconf 86' lang='lat' dir='ltr'><strong>quaestio</strong></span> <span class='ocrx_word' id='word_1_45' title='bbox 658 1242 827 1312; x_wconf 84' lang='lat' dir='ltr'><strong>ventilatur</strong></span> <span class='ocrx_word' id='word_1_46' title='bbox 841 1243 885 1311; x_wconf 84' lang='lat'>(¹).</span> <span class='ocrx_word' id='word_1_47' title='bbox 932 1267 1007 1312; x_wconf 84' lang='lat' dir='ltr'><strong>nant</strong></span> <span class='ocrx_word' id='word_1_48' title='bbox 1041 1263 1114 1314; x_wconf 91' lang='lat' dir='ltr'><strong>sunt</strong></span> <span class='ocrx_word' id='word_1_49' title='bbox 1136 1245 1190 1334; x_wconf 92' lang='lat' dir='ltr'><strong>qui</strong></span> <span class='ocrx_word' id='word_1_50' title='bbox 1214 1263 1373 1314; x_wconf 86' lang='lat' dir='ltr'><strong>asserunt:</strong></span> <span class='ocrx_word' id='word_1_51' title='bbox 1398 1245 1423 1312; x_wconf 92' lang='lat' dir='ltr'><strong>si</strong></span> 
     </span>
     <span class='ocr_line' id='line_1_7' title="bbox 243 1353 1425 1447; baseline 0.003 -23"><span class='ocrx_word' id='word_1_52' title='bbox 243 1355 349 1424; x_wconf 88' lang='lat' dir='ltr'><strong>cuncti</strong></span> <span class='ocrx_word' id='word_1_53' title='bbox 372 1353 491 1424; x_wconf 91' lang='lat' dir='ltr'><strong>dictum</strong></span> <span class='ocrx_word' id='word_1_54' title='bbox 509 1353 692 1447; x_wconf 86' lang='lat' dir='ltr'><strong>factumque</strong></span> <span class='ocrx_word' id='word_1_55' title='bbox 721 1360 845 1426; x_wconf 88' lang='lat' dir='ltr'><strong>comitis</strong></span> <span class='ocrx_word' id='word_1_56' title='bbox 868 1359 966 1428; x_wconf 91' lang='lat' dir='ltr'><strong>secuti</strong></span> <span class='ocrx_word' id='word_1_57' title='bbox 989 1357 1103 1444; x_wconf 84' lang='lat' dir='ltr'><strong>forent,</strong></span> <span class='ocrx_word' id='word_1_58' title='bbox 1123 1377 1177 1428; x_wconf 88' lang='lat' dir='ltr'><strong>aut</strong></span> <span class='ocrx_word' id='word_1_59' title='bbox 1200 1359 1358 1428; x_wconf 77' lang='lat' dir='ltr'><strong>hostetin</strong></span> <span class='ocrx_word' id='word_1_60' title='bbox 1377 1357 1425 1428; x_wconf 93' lang='lat' dir='ltr'><strong>di·</strong></span> 
     </span>
     <span class='ocr_line' id='line_1_8' title="bbox 173 1471 1424 1563; baseline 0.002 -24"><span class='ocrx_word' id='word_1_61' title='bbox 173 1482 213 1550; x_wconf 87' lang='lat'><strong>95</strong></span> <span class='ocrx_word' id='word_1_62' title='bbox 243 1471 391 1541; x_wconf 85' lang='lat' dir='ltr'><strong>scrimine</strong></span> <span class='ocrx_word' id='word_1_63' title='bbox 413 1473 605 1563; x_wconf 85' lang='lat' dir='ltr'><strong>posuissent,</strong></span> <span class='ocrx_word' id='word_1_64' title='bbox 639 1492 692 1543; x_wconf 90' lang='lat' dir='ltr'><strong>aut</strong></span> <span class='ocrx_word' id='word_1_65' title='bbox 716 1493 878 1542; x_wconf 84' lang='lat' dir='ltr'><strong>cruentam</strong></span> <span class='ocrx_word' id='word_1_66' title='bbox 907 1475 1073 1543; x_wconf 86' lang='lat' dir='ltr'><strong>victoriam</strong></span> <span class='ocrx_word' id='word_1_67' title='bbox 1103 1475 1148 1544; x_wconf 91' lang='lat' dir='ltr'><strong>eis</strong></span> <span class='ocrx_word' id='word_1_68' title='bbox 1175 1473 1345 1544; x_wconf 87' lang='lat' dir='ltr'><strong>dedissent.</strong></span> <span class='ocrx_word' id='word_1_69' title='bbox 1391 1473 1424 1542; x_wconf 90' lang='lat' dir='ltr'><strong>hi</strong></span> 
     </span>
     <span class='ocr_line' id='line_1_9' title="bbox 242 1587 1423 1679; baseline 0.003 -25"><span class='ocrx_word' id='word_1_70' title='bbox 242 1607 346 1677; x_wconf 86' lang='lat' dir='ltr'><strong>neque</strong></span> <span class='ocrx_word' id='word_1_71' title='bbox 372 1587 405 1656; x_wconf 91' lang='lat' dir='ltr'><strong>id</strong></span> <span class='ocrx_word' id='word_1_72' title='bbox 439 1587 565 1658; x_wconf 90' lang='lat' dir='ltr'><strong>comitis</strong></span> <span class='ocrx_word' id='word_1_73' title='bbox 588 1607 696 1656; x_wconf 90' lang='lat' dir='ltr'><strong>actum</strong></span> <span class='ocrx_word' id='word_1_74' title='bbox 717 1590 931 1672; x_wconf 86' lang='lat' dir='ltr'><strong>temerarium,</strong></span> <span class='ocrx_word' id='word_1_75' title='bbox 960 1588 1016 1657; x_wconf 89' lang='lat' dir='ltr'><strong>sed</strong></span> <span class='ocrx_word' id='word_1_76' title='bbox 1039 1589 1144 1679; x_wconf 91' lang='lat' dir='ltr'><strong>potius</strong></span> <span class='ocrx_word' id='word_1_77' title='bbox 1175 1589 1267 1660; x_wconf 88' lang='lat' dir='ltr'><strong>laude</strong></span> <span class='ocrx_word' id='word_1_78' title='bbox 1290 1589 1423 1678; x_wconf 87' lang='lat' dir='ltr'><strong>dignum</strong></span> 
     </span>
     <span class='ocr_line' id='line_1_10' title="bbox 242 1699 1424 1794; baseline 0.003 -24"><span class='ocrx_word' id='word_1_79' title='bbox 242 1721 311 1770; x_wconf 83' lang='lat' dir='ltr'><strong>osse</strong></span> <span class='ocrx_word' id='word_1_80' title='bbox 330 1699 444 1772; x_wconf 85' lang='lat' dir='ltr'><strong>ferunt.</strong></span> <span class='ocrx_word' id='word_1_81' title='bbox 490 1705 521 1772; x_wconf 87' lang='lat' dir='ltr'><strong>in</strong></span> <span class='ocrx_word' id='word_1_82' title='bbox 540 1703 617 1772; x_wconf 87' lang='lat' dir='ltr'><strong>urbe</strong></span> <span class='ocrx_word' id='word_1_83' title='bbox 639 1704 754 1794; x_wconf 87' lang='lat' dir='ltr'><strong>ingens</strong></span> <span class='ocrx_word' id='word_1_84' title='bbox 772 1727 882 1794; x_wconf 89' lang='lat' dir='ltr'><strong>pavor,</strong></span> <span class='ocrx_word' id='word_1_85' title='bbox 902 1704 989 1773; x_wconf 91' lang='lat' dir='ltr'><strong>velut</strong></span> <span class='ocrx_word' id='word_1_86' title='bbox 1012 1705 1092 1773; x_wconf 90' lang='lat' dir='ltr'><strong>intra</strong></span> <span class='ocrx_word' id='word_1_87' title='bbox 1115 1725 1225 1772; x_wconf 90' lang='lat' dir='ltr'><strong>muros</strong></span> <span class='ocrx_word' id='word_1_88' title='bbox 1248 1704 1357 1774; x_wconf 85' lang='lat' dir='ltr'><strong>hostes</strong></span> <span class='ocrx_word' id='word_1_89' title='bbox 1375 1703 1424 1774; x_wconf 87' lang='lat' dir='ltr'><strong>fo-</strong></span> 
     </span>
     <span class='ocr_line' id='line_1_11' title="bbox 242 1817 1423 1910; baseline 0.002 -24"><span class='ocrx_word' id='word_1_90' title='bbox 242 1835 321 1900; x_wconf 69' lang='lat' dir='ltr'><strong>rent,</strong></span> <span class='ocrx_word' id='word_1_91' title='bbox 337 1817 475 1909; x_wconf 91' lang='lat' dir='ltr'><strong>undique</strong></span> <span class='ocrx_word' id='word_1_92' title='bbox 491 1821 722 1888; x_wconf 90' lang='lat' dir='ltr'><strong>circumeuntes</strong></span> <span class='ocrx_word' id='word_1_93' title='bbox 738 1839 882 1910; x_wconf 88' lang='lat' dir='ltr'><strong>occupat,</strong></span> <span class='ocrx_word' id='word_1_94' title='bbox 894 1819 1112 1890; x_wconf 84' lang='lat' dir='ltr'><strong>existimantes</strong></span> <span class='ocrx_word' id='word_1_95' title='bbox 1127 1819 1234 1888; x_wconf 91' lang='lat' dir='ltr'><strong>hostes</strong></span> <span class='ocrx_word' id='word_1_96' title='bbox 1248 1838 1322 1910; x_wconf 93' lang='lat' dir='ltr'><strong>post</strong></span> <span class='ocrx_word' id='word_1_97' title='bbox 1336 1838 1423 1909; x_wconf 87' lang='lat' dir='ltr'><strong>terga</strong></span> 
     </span>
     <span class='ocr_line' id='line_1_12' title="bbox 241 1931 1425 2038; baseline 0 -37"><span class='ocrx_word' id='word_1_98' title='bbox 241 1931 433 2038; x_wconf 76' lang='lat' dir='ltr'><strong>fugientium</strong></span> <span class='ocrx_word' id='word_1_99' title='bbox 455 1952 582 2004; x_wconf 83' lang='lat' dir='ltr'><strong>mentes</strong></span> <span class='ocrx_word' id='word_1_100' title='bbox 612 1959 674 2004; x_wconf 89' lang='lat' dir='ltr'><strong>una</strong></span> <span class='ocrx_word' id='word_1_101' title='bbox 703 1957 813 2004; x_wconf 88' lang='lat' dir='ltr'><strong>secum</strong></span> <span class='ocrx_word' id='word_1_102' title='bbox 834 1934 920 2005; x_wconf 89' lang='lat' dir='ltr'><strong>urbis</strong></span> <span class='ocrx_word' id='word_1_103' title='bbox 942 1955 1048 2026; x_wconf 89' lang='lat' dir='ltr'><strong>portas</strong></span> <span class='ocrx_word' id='word_1_104' title='bbox 1071 1935 1233 2017; x_wconf 88' lang='lat' dir='ltr'><strong>accedere;</strong></span> <span class='ocrx_word' id='word_1_105' title='bbox 1256 1933 1311 2004; x_wconf 92' lang='lat' dir='ltr'><strong>sed</strong></span> <span class='ocrx_word' id='word_1_106' title='bbox 1335 1933 1425 2002; x_wconf 90' lang='lat' dir='ltr'><strong>aliter</strong></span> 
     </span>
     <span class='ocr_line' id='line_1_13' title="bbox 153 2049 1423 2150; baseline 0 -34"><span class='ocrx_word' id='word_1_107' title='bbox 153 2057 215 2106; x_wconf 87' lang='lat'><strong>¹00</strong></span> <span class='ocrx_word' id='word_1_108' title='bbox 240 2069 337 2137; x_wconf 88' lang='lat' dir='ltr'><strong>quam</strong></span> <span class='ocrx_word' id='word_1_109' title='bbox 356 2050 471 2118; x_wconf 89' lang='lat' dir='ltr'><strong>timent</strong></span> <span class='ocrx_word' id='word_1_110' title='bbox 492 2050 608 2118; x_wconf 84' lang='lat' dir='ltr'><strong>evenit.</strong></span> <span class='ocrx_word' id='word_1_111' title='bbox 654 2051 798 2140; x_wconf 91' lang='lat' dir='ltr'><strong>namqui</strong></span> <span class='ocrx_word' id='word_1_112' title='bbox 817 2049 1009 2139; x_wconf 85' lang='lat' dir='ltr'><strong>fugientium</strong></span> <span class='ocrx_word' id='word_1_113' title='bbox 1028 2049 1175 2150; x_wconf 67' lang='lat' dir='ltr'><strong>Ticinelli</strong></span> <span class='ocrx_word' id='word_1_114' title='bbox 1197 2068 1339 2132; x_wconf 89' lang='lat' dir='ltr'><strong>stratam,</strong></span> <span class='ocrx_word' id='word_1_115' title='bbox 1354 2049 1423 2138; x_wconf 90' lang='lat' dir='ltr'><strong>ipso</strong></span> 
     </span>
     <span class='ocr_line' id='line_1_14' title="bbox 240 2161 1423 2256; baseline 0 -26"><span class='ocrx_word' id='word_1_116' title='bbox 240 2161 341 2232; x_wconf 79' lang='lat' dir='ltr'><strong>fluvio</strong></span> <span class='ocrx_word' id='word_1_117' title='bbox 359 2162 587 2256; x_wconf 87' lang='lat' dir='ltr'><strong>paludibusque</strong></span> <span class='ocrx_word' id='word_1_118' title='bbox 605 2165 645 2234; x_wconf 90' lang='lat' dir='ltr'><strong>de</strong></span> <span class='ocrx_word' id='word_1_119' title='bbox 664 2189 698 2234; x_wconf 90' lang='lat' dir='ltr'><strong>se</strong></span> <span class='ocrx_word' id='word_1_120' title='bbox 721 2165 810 2234; x_wconf 87' lang='lat' dir='ltr'><strong>factis</strong></span> <span class='ocrx_word' id='word_1_121' title='bbox 828 2183 951 2255; x_wconf 90' lang='lat' dir='ltr'><strong>septam</strong></span> <span class='ocrx_word' id='word_1_122' title='bbox 973 2183 1114 2247; x_wconf 88' lang='lat' dir='ltr'><strong>tenuere,</strong></span> <span class='ocrx_word' id='word_1_123' title='bbox 1136 2187 1218 2254; x_wconf 91' lang='lat' dir='ltr'><strong>quos</strong></span> <span class='ocrx_word' id='word_1_124' title='bbox 1241 2162 1283 2232; x_wconf 95' lang='lat' dir='ltr'><strong>oh</strong></span> <span class='ocrx_word' id='word_1_125' title='bbox 1307 2162 1339 2230; x_wconf 93' lang='lat' dir='ltr'><strong>id</strong></span> <span class='ocrx_word' id='word_1_126' title='bbox 1364 2163 1423 2230; x_wconf 92' lang='lat' dir='ltr'><strong>ho·</strong></span> 
     </span>
     <span class='ocr_line' id='line_1_15' title="bbox 240 2277 1423 2370; baseline 0.002 -24"><span class='ocrx_word' id='word_1_127' title='bbox 240 2295 303 2346; x_wconf 86' lang='lat' dir='ltr'><strong>stes</strong></span> <span class='ocrx_word' id='word_1_128' title='bbox 332 2279 455 2370; x_wconf 86' lang='lat' dir='ltr'><strong>insequi</strong></span> <span class='ocrx_word' id='word_1_129' title='bbox 482 2303 550 2348; x_wconf 91' lang='lat' dir='ltr'><strong>non</strong></span> <span class='ocrx_word' id='word_1_130' title='bbox 580 2279 747 2364; x_wconf 69' lang='lat' dir='ltr'><strong>audebant,</strong></span> <span class='ocrx_word' id='word_1_131' title='bbox 767 2301 801 2349; x_wconf 96' lang='lat' dir='ltr'><strong>ut</strong></span> <span class='ocrx_word' id='word_1_132' title='bbox 826 2279 1004 2370; x_wconf 88' lang='lat' dir='ltr'><strong>frequentes</strong></span> <span class='ocrx_word' id='word_1_133' title='bbox 1027 2281 1111 2348; x_wconf 86' lang='lat' dir='ltr'><strong>cives</strong></span> <span class='ocrx_word' id='word_1_134' title='bbox 1135 2281 1167 2348; x_wconf 89' lang='lat' dir='ltr'><strong>in</strong></span> <span class='ocrx_word' id='word_1_135' title='bbox 1190 2301 1373 2348; x_wconf 90' lang='lat' dir='ltr'><strong>soccursum</strong></span> <span class='ocrx_word' id='word_1_136' title='bbox 1388 2277 1423 2332; x_wconf 79' lang='lat'><strong>(⁸)</strong></span> 
     </span>
     <span class='ocr_line' id='line_1_16' title="bbox 241 2391 1422 2491; baseline 0 -31"><span class='ocrx_word' id='word_1_137' title='bbox 241 2395 405 2464; x_wconf 85' lang='lat' dir='ltr'><strong>venientes</strong></span> <span class='ocrx_word' id='word_1_138' title='bbox 428 2395 547 2479; x_wconf 86' lang='lat' dir='ltr'><strong>vident,</strong></span> <span class='ocrx_word' id='word_1_139' title='bbox 571 2395 705 2486; x_wconf 87' lang='lat' dir='ltr'><strong>gradum</strong></span> <span class='ocrx_word' id='word_1_140' title='bbox 728 2395 844 2466; x_wconf 88' lang='lat' dir='ltr'><strong>sistunt</strong></span> <span class='ocrx_word' id='word_1_141' title='bbox 866 2413 898 2464; x_wconf 88' lang='lat' dir='ltr'><strong>et</strong></span> <span class='ocrx_word' id='word_1_142' title='bbox 920 2415 988 2466; x_wconf 89' lang='lat' dir='ltr'><strong>tuto</strong></span> <span class='ocrx_word' id='word_1_143' title='bbox 1010 2415 1044 2464; x_wconf 89' lang='lat' dir='ltr'><strong>se</strong></span> <span class='ocrx_word' id='word_1_144' title='bbox 1063 2394 1170 2491; x_wconf 77' lang='lat' dir='ltr'><strong>locant</strong></span> <span class='ocrx_word' id='word_1_145' title='bbox 1188 2395 1273 2476; x_wconf 93' lang='lat' dir='ltr'><strong>loco,</strong></span> <span class='ocrx_word' id='word_1_146' title='bbox 1297 2391 1349 2463; x_wconf 92' lang='lat' dir='ltr'><strong>ubi</strong></span> <span class='ocrx_word' id='word_1_147' title='bbox 1365 2394 1422 2462; x_wconf 94' lang='lat' dir='ltr'><strong>Ti-</strong></span> 
     </span>
     <span class='ocr_line' id='line_1_17' title="bbox 241 2509 1423 2602; baseline 0 -24"><span class='ocrx_word' id='word_1_148' title='bbox 241 2510 370 2580; x_wconf 83' lang='lat' dir='ltr'><strong>cinellus</strong></span> <span class='ocrx_word' id='word_1_149' title='bbox 399 2511 553 2580; x_wconf 89' lang='lat' dir='ltr'><strong>transiens</strong></span> <span class='ocrx_word' id='word_1_150' title='bbox 583 2529 711 2581; x_wconf 87' lang='lat' dir='ltr'><strong>stratam</strong></span> <span class='ocrx_word' id='word_1_151' title='bbox 734 2509 826 2602; x_wconf 82' lang='lat' dir='ltr'><strong>ripas&#39;</strong></span> <span class='ocrx_word' id='word_1_152' title='bbox 840 2529 953 2595; x_wconf 86' lang='lat' dir='ltr'><strong>mutat,</strong></span> <span class='ocrx_word' id='word_1_153' title='bbox 975 2509 1187 2580; x_wconf 89' lang='lat' dir='ltr'><strong>meridianum</strong></span> <span class='ocrx_word' id='word_1_154' title='bbox 1205 2509 1286 2578; x_wconf 88' lang='lat' dir='ltr'><strong>latus</strong></span> <span class='ocrx_word' id='word_1_155' title='bbox 1308 2527 1423 2578; x_wconf 89' lang='lat' dir='ltr'><strong>stratae</strong></span> 
     </span>
     <span class='ocr_line' id='line_1_18' title="bbox 152 2625 1422 2718; baseline -0.006 -18"><span class='ocrx_word' id='word_1_156' title='bbox 152 2631 211 2700; x_wconf 85' lang='lat'><strong>¹⁰5</strong></span> <span class='ocrx_word' id='word_1_157' title='bbox 240 2625 396 2716; x_wconf 90' lang='lat' dir='ltr'><strong>linquens.</strong></span> <span class='ocrx_word' id='word_1_158' title='bbox 441 2625 483 2694; x_wconf 90' lang='lat' dir='ltr'><strong>ibi</strong></span> <span class='ocrx_word' id='word_1_159' title='bbox 506 2627 653 2718; x_wconf 90' lang='lat' dir='ltr'><strong>antiquus</strong></span> <span class='ocrx_word' id='word_1_160' title='bbox 668 2649 748 2718; x_wconf 91' lang='lat' dir='ltr'><strong>pons</strong></span> <span class='ocrx_word' id='word_1_161' title='bbox 772 2627 897 2716; x_wconf 87' lang='lat' dir='ltr'><strong>ligneus</strong></span> <span class='ocrx_word' id='word_1_162' title='bbox 916 2625 1109 2716; x_wconf 89' lang='lat' dir='ltr'><strong>amplectens</strong></span> <span class='ocrx_word' id='word_1_163' title='bbox 1132 2625 1266 2695; x_wconf 86' lang='lat' dir='ltr'><strong>fluvium</strong></span> <span class='ocrx_word' id='word_1_164' title='bbox 1289 2625 1422 2694; x_wconf 89' lang='lat' dir='ltr'><strong>interru-</strong></span> 
     </span>
     <span class='ocr_line' id='line_1_19' title="bbox 239 2737 1422 2832; baseline -0.003 -24"><span class='ocrx_word' id='word_1_165' title='bbox 239 2757 327 2830; x_wconf 85' lang='lat' dir='ltr'><strong>ptam</strong></span> <span class='ocrx_word' id='word_1_166' title='bbox 349 2759 478 2810; x_wconf 85' lang='lat' dir='ltr'><strong>stratam</strong></span> <span class='ocrx_word' id='word_1_167' title='bbox 508 2741 620 2832; x_wconf 81' lang='lat' dir='ltr'><strong>iungit</strong></span> <span class='ocrx_word' id='word_1_168' title='bbox 666 2741 717 2810; x_wconf 93' lang='lat' dir='ltr'><strong>ille</strong></span> <span class='ocrx_word' id='word_1_169' title='bbox 747 2740 837 2810; x_wconf 90' lang='lat' dir='ltr'><strong>locus</strong></span> <span class='ocrx_word' id='word_1_170' title='bbox 866 2740 906 2808; x_wconf 87' lang='lat' dir='ltr'><strong>ad</strong></span> <span class='ocrx_word' id='word_1_171' title='bbox 923 2737 1135 2808; x_wconf 88' lang='lat' dir='ltr'><strong>resistendum</strong></span> <span class='ocrx_word' id='word_1_172' title='bbox 1160 2737 1302 2809; x_wconf 88' lang='lat' dir='ltr'><strong>hostibus</strong></span> <span class='ocrx_word' id='word_1_173' title='bbox 1332 2757 1422 2828; x_wconf 90' lang='lat' dir='ltr'><strong>aptus</strong></span> 
     </span>
     <span class='ocr_line' id='line_1_20' title="bbox 238 2855 1421 2947; baseline -0.005 -22"><span class='ocrx_word' id='word_1_174' title='bbox 238 2855 375 2946; x_wconf 85' lang='lat' dir='ltr'><strong>eligitur.</strong></span> <span class='ocrx_word' id='word_1_175' title='bbox 420 2879 461 2926; x_wconf 90' lang='lat' dir='ltr'><strong>eo</strong></span> <span class='ocrx_word' id='word_1_176' title='bbox 478 2875 681 2947; x_wconf 88' lang='lat' dir='ltr'><strong>erumpentes</strong></span> <span class='ocrx_word' id='word_1_177' title='bbox 696 2855 773 2926; x_wconf 90' lang='lat' dir='ltr'><strong>urhe</strong></span> <span class='ocrx_word' id='word_1_178' title='bbox 792 2858 877 2926; x_wconf 88' lang='lat' dir='ltr'><strong>cives</strong></span> <span class='ocrx_word' id='word_1_179' title='bbox 894 2855 1000 2926; x_wconf 92' lang='lat' dir='ltr'><strong>subito</strong></span> <span class='ocrx_word' id='word_1_180' title='bbox 1016 2855 1234 2946; x_wconf 87' lang='lat' dir='ltr'><strong>glomerantur</strong></span> <span class='ocrx_word' id='word_1_181' title='bbox 1257 2855 1290 2922; x_wconf 87' lang='lat' dir='ltr'><strong>in</strong></span> <span class='ocrx_word' id='word_1_182' title='bbox 1309 2874 1421 2934; x_wconf 89' lang='lat' dir='ltr'><strong>unum,</strong></span> 
     </span>
     <span class='ocr_line' id='line_1_21' title="bbox 240 2969 1422 3063; baseline -0.003 -25"><span class='ocrx_word' id='word_1_183' title='bbox 240 2973 302 3040; x_wconf 88' lang='lat' dir='ltr'><strong>iam</strong></span> <span class='ocrx_word' id='word_1_184' title='bbox 326 2973 581 3063; x_wconf 87' lang='lat' dir='ltr'><strong>persequentium</strong></span> <span class='ocrx_word' id='word_1_185' title='bbox 604 2990 750 3063; x_wconf 90' lang='lat' dir='ltr'><strong>optantes</strong></span> <span class='ocrx_word' id='word_1_186' title='bbox 773 2972 956 3041; x_wconf 86' lang='lat' dir='ltr'><strong>adventum.</strong></span> <span class='ocrx_word' id='word_1_187' title='bbox 1002 2995 1114 3040; x_wconf 87' lang='lat' dir='ltr'><strong>verum</strong></span> <span class='ocrx_word' id='word_1_188' title='bbox 1137 2969 1196 3060; x_wconf 90' lang='lat' dir='ltr'><strong>ipsi</strong></span> <span class='ocrx_word' id='word_1_189' title='bbox 1219 2969 1313 3038; x_wconf 87' lang='lat' dir='ltr'><strong>aliam</strong></span> <span class='ocrx_word' id='word_1_190' title='bbox 1335 2969 1422 3036; x_wconf 87' lang='lat' dir='ltr'><strong>viam</strong></span> 
     </span>
     <span class='ocr_line' id='line_1_22' title="bbox 240 3078 1422 3178; baseline -0.003 -24"><span class='ocrx_word' id='word_1_191' title='bbox 240 3088 366 3178; x_wconf 88' lang='lat' dir='ltr'><strong>capiunt</strong></span> <span class='ocrx_word' id='word_1_192' title='bbox 401 3107 434 3156; x_wconf 88' lang='lat' dir='ltr'><strong>et</strong></span> <span class='ocrx_word' id='word_1_193' title='bbox 461 3078 550 3156; x_wconf 76' lang='lat' dir='ltr'><strong>iuxta</strong></span> <span class='ocrx_word' id='word_1_194' title='bbox 585 3087 753 3176; x_wconf 83' lang='lat' dir='ltr'><strong>Albayrate</strong></span> <span class='ocrx_word' id='word_1_195' title='bbox 784 3086 919 3178; x_wconf 87' lang='lat' dir='ltr'><strong>gradum</strong></span> <span class='ocrx_word' id='word_1_196' title='bbox 942 3087 1066 3155; x_wconf 88' lang='lat' dir='ltr'><strong>sistunt</strong></span> <span class='ocrx_word' id='word_1_197' title='bbox 1111 3084 1185 3154; x_wconf 92' lang='lat' dir='ltr'><strong>inde</strong></span> <span class='ocrx_word' id='word_1_198' title='bbox 1219 3106 1275 3175; x_wconf 86' lang='lat' dir='ltr'><strong>per</strong></span> <span class='ocrx_word' id='word_1_199' title='bbox 1297 3101 1422 3174; x_wconf 88' lang='lat' dir='ltr'><strong>apertos</strong></span> 
     </span>
     <span class='ocr_line' id='line_1_23' title="bbox 151 3199 1420 3295; baseline -0.004 -23"><span class='ocrx_word' id='word_1_200' title='bbox 151 3207 213 3256; x_wconf 87' lang='lat'><strong>¹1⁰</strong></span> <span class='ocrx_word' id='word_1_201' title='bbox 240 3225 371 3295; x_wconf 87' lang='lat' dir='ltr'><strong>campos</strong></span> <span class='ocrx_word' id='word_1_202' title='bbox 390 3203 429 3272; x_wconf 80' lang='lat' dir='ltr'><strong>ad</strong></span> <span class='ocrx_word' id='word_1_203' title='bbox 447 3223 573 3295; x_wconf 90' lang='lat' dir='ltr'><strong>portam</strong></span> <span class='ocrx_word' id='word_1_204' title='bbox 592 3202 686 3286; x_wconf 91' lang='lat' dir='ltr'><strong>urhis,</strong></span> <span class='ocrx_word' id='word_1_205' title='bbox 704 3227 785 3294; x_wconf 91' lang='lat' dir='ltr'><strong>quae</strong></span> <span class='ocrx_word' id='word_1_206' title='bbox 804 3203 981 3272; x_wconf 89' lang='lat' dir='ltr'><strong>Vercellina</strong></span> <span class='ocrx_word' id='word_1_207' title='bbox 1003 3221 1145 3286; x_wconf 86' lang='lat' dir='ltr'><strong>vocatur,</strong></span> <span class='ocrx_word' id='word_1_208' title='bbox 1165 3199 1314 3270; x_wconf 85' lang='lat' dir='ltr'><strong>accedere</strong></span> <span class='ocrx_word' id='word_1_209' title='bbox 1333 3223 1420 3268; x_wconf 91' lang='lat' dir='ltr'><strong>com-</strong></span> 
     </span>
     <span class='ocr_line' id='line_1_24' title="bbox 239 3315 1422 3411; baseline -0.002 -25"><span class='ocrx_word' id='word_1_210' title='bbox 239 3319 366 3390; x_wconf 89' lang='lat' dir='ltr'><strong>modius</strong></span> <span class='ocrx_word' id='word_1_211' title='bbox 394 3343 488 3410; x_wconf 87' lang='lat' dir='ltr'><strong>posse</strong></span> <span class='ocrx_word' id='word_1_212' title='bbox 514 3321 584 3402; x_wconf 90' lang='lat' dir='ltr'><strong>rati,</strong></span> <span class='ocrx_word' id='word_1_213' title='bbox 610 3319 692 3390; x_wconf 91' lang='lat' dir='ltr'><strong>adeo</strong></span> <span class='ocrx_word' id='word_1_214' title='bbox 714 3341 813 3411; x_wconf 89' lang='lat' dir='ltr'><strong>equos</strong></span> <span class='ocrx_word' id='word_1_215' title='bbox 836 3341 933 3410; x_wconf 89' lang='lat' dir='ltr'><strong>seque</strong></span> <span class='ocrx_word' id='word_1_216' title='bbox 951 3319 1062 3387; x_wconf 90' lang='lat' dir='ltr'><strong>itinere</strong></span> <span class='ocrx_word' id='word_1_217' title='bbox 1080 3317 1228 3408; x_wconf 88' lang='lat' dir='ltr'><strong>fatigatos</strong></span> <span class='ocrx_word' id='word_1_218' title='bbox 1251 3315 1422 3406; x_wconf 90' lang='lat' dir='ltr'><strong>reperiunt,</strong></span> 
     </span>
     <span class='ocr_line' id='line_1_25' title="bbox 239 3431 1420 3523; baseline -0.002 -21"><span class='ocrx_word' id='word_1_219' title='bbox 239 3453 274 3504; x_wconf 90' lang='lat' dir='ltr'><strong>ut</strong></span> <span class='ocrx_word' id='word_1_220' title='bbox 292 3433 336 3502; x_wconf 92' lang='lat' dir='ltr'><strong>ibi</strong></span> <span class='ocrx_word' id='word_1_221' title='bbox 358 3437 475 3505; x_wconf 91' lang='lat' dir='ltr'><strong>morari</strong></span> <span class='ocrx_word' id='word_1_222' title='bbox 504 3435 557 3504; x_wconf 87' lang='lat' dir='ltr'><strong>illa</strong></span> <span class='ocrx_word' id='word_1_223' title='bbox 579 3455 674 3504; x_wconf 91' lang='lat' dir='ltr'><strong>nocte</strong></span> <span class='ocrx_word' id='word_1_224' title='bbox 692 3437 877 3504; x_wconf 87' lang='lat' dir='ltr'><strong>necessitate</strong></span> <span class='ocrx_word' id='word_1_225' title='bbox 899 3436 1000 3504; x_wconf 89' lang='lat' dir='ltr'><strong>coacti</strong></span> <span class='ocrx_word' id='word_1_226' title='bbox 1023 3451 1107 3503; x_wconf 82' lang='lat' dir='ltr'><strong>sunt</strong></span> <span class='ocrx_word' id='word_1_227' title='bbox 1152 3432 1240 3523; x_wconf 92' lang='lat' dir='ltr'><strong>quod</strong></span> <span class='ocrx_word' id='word_1_228' title='bbox 1259 3432 1312 3502; x_wconf 91' lang='lat' dir='ltr'><strong>ubi</strong></span> <span class='ocrx_word' id='word_1_229' title='bbox 1327 3431 1336 3522; x_wconf 73' lang='lat' dir='ltr'><strong>l</strong></span> <span class='ocrx_word' id='word_1_230' title='bbox 1352 3455 1420 3521; x_wconf 92' lang='lat' dir='ltr'><strong>per-</strong></span> 
     </span>
     <span class='ocr_line' id='line_1_26' title="bbox 240 3547 1420 3641; baseline -0.003 -23"><span class='ocrx_word' id='word_1_231' title='bbox 240 3569 368 3640; x_wconf 84' lang='lat' dir='ltr'><strong>ceptum</strong></span> <span class='ocrx_word' id='word_1_232' title='bbox 390 3569 449 3634; x_wconf 87' lang='lat' dir='ltr'><strong>est,</strong></span> <span class='ocrx_word' id='word_1_233' title='bbox 472 3567 623 3620; x_wconf 88' lang='lat' dir='ltr'><strong>revocato</strong></span> <span class='ocrx_word' id='word_1_234' title='bbox 639 3551 788 3633; x_wconf 88' lang='lat' dir='ltr'><strong>exercitu,</strong></span> <span class='ocrx_word' id='word_1_235' title='bbox 805 3552 837 3618; x_wconf 95' lang='lat' dir='ltr'><strong>in</strong></span> <span class='ocrx_word' id='word_1_236' title='bbox 857 3549 994 3641; x_wconf 86' lang='lat' dir='ltr'><strong>burgum</strong></span> <span class='ocrx_word' id='word_1_237' title='bbox 1012 3549 1201 3618; x_wconf 88' lang='lat' dir='ltr'><strong>exteriorem</strong></span> <span class='ocrx_word' id='word_1_238' title='bbox 1216 3565 1325 3638; x_wconf 86' lang='lat' dir='ltr'><strong>portae</strong></span> <span class='ocrx_word' id='word_1_239' title='bbox 1341 3547 1420 3615; x_wconf 89' lang='lat' dir='ltr'><strong>Ver-</strong></span> 
     </span>
     <span class='ocr_line' id='line_1_27' title="bbox 239 3659 1420 3758; baseline -0.005 -24"><span class='ocrx_word' id='word_1_240' title='bbox 239 3663 371 3735; x_wconf 87' lang='lat' dir='ltr'><strong>cellinae</strong></span> <span class='ocrx_word' id='word_1_241' title='bbox 393 3665 533 3758; x_wconf 88' lang='lat' dir='ltr'><strong>undique</strong></span> <span class='ocrx_word' id='word_1_242' title='bbox 548 3664 632 3734; x_wconf 88' lang='lat' dir='ltr'><strong>urhis</strong></span> <span class='ocrx_word' id='word_1_243' title='bbox 651 3663 839 3736; x_wconf 91' lang='lat' dir='ltr'><strong>clauduntur</strong></span> <span class='ocrx_word' id='word_1_244' title='bbox 856 3681 976 3756; x_wconf 86' lang='lat' dir='ltr'><strong>portae,</strong></span> <span class='ocrx_word' id='word_1_245' title='bbox 991 3685 1140 3754; x_wconf 87' lang='lat' dir='ltr'><strong>nequam</strong></span> <span class='ocrx_word' id='word_1_246' title='bbox 1154 3685 1279 3732; x_wconf 88' lang='lat' dir='ltr'><strong>moram</strong></span> <span class='ocrx_word' id='word_1_247' title='bbox 1297 3663 1329 3730; x_wconf 91' lang='lat' dir='ltr'><strong>in</strong></span> <span class='ocrx_word' id='word_1_248' title='bbox 1344 3659 1420 3730; x_wconf 88' lang='lat' dir='ltr'><strong>urbe</strong></span> 
     </span>
     <span class='ocr_line' id='line_1_28' title="bbox 151 3777 1420 3872; baseline -0.009 -16"><span class='ocrx_word' id='word_1_249' title='bbox 151 3785 210 3855; x_wconf 87' lang='lat'><strong>1¹5</strong></span> <span class='ocrx_word' id='word_1_250' title='bbox 240 3779 334 3850; x_wconf 85' lang='lat' dir='ltr'><strong>faciat</strong></span> <span class='ocrx_word' id='word_1_251' title='bbox 357 3781 449 3851; x_wconf 89' lang='lat' dir='ltr'><strong>miles</strong></span> <span class='ocrx_word' id='word_1_252' title='bbox 478 3799 510 3851; x_wconf 91' lang='lat' dir='ltr'><strong>et</strong></span> <span class='ocrx_word' id='word_1_253' title='bbox 539 3780 682 3850; x_wconf 88' lang='lat' dir='ltr'><strong>hostibus</strong></span> <span class='ocrx_word' id='word_1_254' title='bbox 703 3803 868 3851; x_wconf 89' lang='lat' dir='ltr'><strong>occurrere</strong></span> <span class='ocrx_word' id='word_1_255' title='bbox 894 3781 1030 3872; x_wconf 87' lang='lat' dir='ltr'><strong>paratior</strong></span> <span class='ocrx_word' id='word_1_256' title='bbox 1051 3780 1102 3848; x_wconf 89' lang='lat' dir='ltr'><strong>sit.</strong></span> <span class='ocrx_word' id='word_1_257' title='bbox 1148 3779 1236 3847; x_wconf 89' lang='lat' dir='ltr'><strong>cuius</strong></span> <span class='ocrx_word' id='word_1_258' title='bbox 1258 3777 1303 3846; x_wconf 91' lang='lat' dir='ltr'><strong>rei</strong></span> <span class='ocrx_word' id='word_1_259' title='bbox 1327 3799 1420 3846; x_wconf 88' lang='lat' dir='ltr'><strong>causa</strong></span> 
     </span>
     <span class='ocr_line' id='line_1_29' title="bbox 239 3891 1421 3989; baseline -0.005 -23"><span class='ocrx_word' id='word_1_260' title='bbox 239 3897 357 3981; x_wconf 85' lang='lat' dir='ltr'><strong>hostes,</strong></span> <span class='ocrx_word' id='word_1_261' title='bbox 380 3921 435 3988; x_wconf 88' lang='lat' dir='ltr'><strong>spe</strong></span> <span class='ocrx_word' id='word_1_262' title='bbox 454 3899 556 3988; x_wconf 87' lang='lat' dir='ltr'><strong>posita</strong></span> <span class='ocrx_word' id='word_1_263' title='bbox 578 3917 645 3968; x_wconf 81' lang='lat' dir='ltr'><strong>tam</strong></span> <span class='ocrx_word' id='word_1_264' title='bbox 667 3899 783 3982; x_wconf 89' lang='lat' dir='ltr'><strong>subito,</strong></span> <span class='ocrx_word' id='word_1_265' title='bbox 803 3917 837 3968; x_wconf 88' lang='lat' dir='ltr'><strong>ut</strong></span> <span class='ocrx_word' id='word_1_266' title='bbox 859 3915 1072 3989; x_wconf 85' lang='lat' dir='ltr'><strong>speraverant,</strong></span> <span class='ocrx_word' id='word_1_267' title='bbox 1096 3892 1298 3984; x_wconf 82' lang='lat' dir='ltr'><strong>occupandae</strong></span> <span class='ocrx_word' id='word_1_268' title='bbox 1323 3891 1421 3976; x_wconf 88' lang='lat' dir='ltr'><strong>urbis,</strong></span> 
     </span>
     <span class='ocr_line' id='line_1_30' title="bbox 239 4007 1419 4104; baseline -0.008 -21"><span class='ocrx_word' id='word_1_269' title='bbox 239 4035 295 4103; x_wconf 87' lang='lat' dir='ltr'><strong>pet</strong></span> <span class='ocrx_word' id='word_1_270' title='bbox 316 4013 409 4082; x_wconf 86' lang='lat' dir='ltr'><strong>aliam</strong></span> <span class='ocrx_word' id='word_1_271' title='bbox 433 4015 519 4082; x_wconf 63' lang='lat' dir='ltr'><strong>uam</strong></span> <span class='ocrx_word' id='word_1_272' title='bbox 542 4013 732 4104; x_wconf 82' lang='lat' dir='ltr'><strong>Legnanum</strong></span> <span class='ocrx_word' id='word_1_273' title='bbox 755 4010 901 4083; x_wconf 88' lang='lat' dir='ltr'><strong>tendunt.</strong></span> <span class='ocrx_word' id='word_1_274' title='bbox 947 4011 1017 4080; x_wconf 91' lang='lat' dir='ltr'><strong>heic</strong></span> <span class='ocrx_word' id='word_1_275' title='bbox 1047 4011 1128 4080; x_wconf 89' lang='lat' dir='ltr'><strong>inter</strong></span> <span class='ocrx_word' id='word_1_276' title='bbox 1157 4027 1298 4078; x_wconf 91' lang='lat' dir='ltr'><strong>caeteros</strong></span> <span class='ocrx_word' id='word_1_277' title='bbox 1321 4007 1419 4076; x_wconf 92' lang='lat' dir='ltr'><strong>comi·</strong></span> 
     </span>
     <span class='ocr_line' id='line_1_31' title="bbox 239 4124 1422 4218; baseline -0.005 -22"><span class='ocrx_word' id='word_1_278' title='bbox 239 4147 322 4198; x_wconf 84' lang='lat' dir='ltr'><strong>tatus</strong></span> <span class='ocrx_word' id='word_1_279' title='bbox 346 4128 533 4213; x_wconf 83' lang='lat' dir='ltr'><strong>Mediolani,</strong></span> <span class='ocrx_word' id='word_1_280' title='bbox 552 4129 591 4197; x_wconf 90' lang='lat' dir='ltr'><strong>ad</strong></span> <span class='ocrx_word' id='word_1_281' title='bbox 611 4128 828 4218; x_wconf 85' lang='lat' dir='ltr'><strong>colligendum</strong></span> <span class='ocrx_word' id='word_1_282' title='bbox 846 4129 1024 4198; x_wconf 89' lang='lat' dir='ltr'><strong>Turrianae</strong></span> <span class='ocrx_word' id='word_1_283' title='bbox 1043 4125 1189 4196; x_wconf 79' lang='lat' dir='ltr'><strong>factionis</strong></span> <span class='ocrx_word' id='word_1_284' title='bbox 1207 4127 1301 4207; x_wconf 84' lang='lat' dir='ltr'><strong>vires,</strong></span> <span class='ocrx_word' id='word_1_285' title='bbox 1320 4124 1422 4214; x_wconf 89' lang='lat' dir='ltr'><strong>aptior</strong></span> 
     </span>
     <span class='ocr_line' id='line_1_32' title="bbox 239 4239 1420 4336; baseline -0.005 -24"><span class='ocrx_word' id='word_1_286' title='bbox 239 4242 329 4312; x_wconf 86' lang='lat' dir='ltr'><strong>sedes</strong></span> <span class='ocrx_word' id='word_1_287' title='bbox 352 4245 418 4314; x_wconf 85' lang='lat' dir='ltr'><strong>visa</strong></span> <span class='ocrx_word' id='word_1_288' title='bbox 437 4265 495 4327; x_wconf 88' lang='lat' dir='ltr'><strong>est,</strong></span> <span class='ocrx_word' id='word_1_289' title='bbox 510 4265 586 4315; x_wconf 78' lang='lat' dir='ltr'><strong>,xvt</strong></span> <span class='ocrx_word' id='word_1_290' title='bbox 603 4243 741 4314; x_wconf 91' lang='lat' dir='ltr'><strong>millibus</strong></span> <span class='ocrx_word' id='word_1_291' title='bbox 760 4267 910 4336; x_wconf 91' lang='lat' dir='ltr'><strong>passuum</strong></span> <span class='ocrx_word' id='word_1_292' title='bbox 929 4243 968 4310; x_wconf 90' lang='lat' dir='ltr'><strong>ab</strong></span> <span class='ocrx_word' id='word_1_293' title='bbox 986 4243 1062 4312; x_wconf 86' lang='lat' dir='ltr'><strong>urhe</strong></span> <span class='ocrx_word' id='word_1_294' title='bbox 1082 4240 1210 4322; x_wconf 89' lang='lat' dir='ltr'><strong>distans,</strong></span> <span class='ocrx_word' id='word_1_295' title='bbox 1233 4261 1299 4329; x_wconf 92' lang='lat' dir='ltr'><strong>quo</strong></span> <span class='ocrx_word' id='word_1_296' title='bbox 1317 4239 1420 4328; x_wconf 88' lang='lat' dir='ltr'><strong>primo</strong></span> 
     </span>
     <span class='ocr_line' id='line_1_33' title="bbox 151 4353 1422 4450; baseline -0.006 -22"><span class='ocrx_word' id='word_1_297' title='bbox 151 4367 213 4416; x_wconf 89' lang='lat'><strong>¹20</strong></span> <span class='ocrx_word' id='word_1_298' title='bbox 239 4379 271 4428; x_wconf 86' lang='lat' dir='ltr'><strong>ct</strong></span> <span class='ocrx_word' id='word_1_299' title='bbox 292 4361 436 4450; x_wconf 84' lang='lat' dir='ltr'><strong>sequenti</strong></span> <span class='ocrx_word' id='word_1_300' title='bbox 451 4359 486 4416; x_wconf 79' lang='grc'><strong>0)</strong></span> <span class='ocrx_word' id='word_1_301' title='bbox 502 4359 553 4428; x_wconf 89' lang='lat' dir='ltr'><strong>die</strong></span> <span class='ocrx_word' id='word_1_302' title='bbox 576 4359 627 4428; x_wconf 85' lang='lat' dir='ltr'><strong>alii</strong></span> <span class='ocrx_word' id='word_1_303' title='bbox 645 4379 747 4444; x_wconf 88' lang='lat' dir='ltr'><strong>metu,</strong></span> <span class='ocrx_word' id='word_1_304' title='bbox 761 4359 814 4428; x_wconf 88' lang='lat' dir='ltr'><strong>alii</strong></span> <span class='ocrx_word' id='word_1_305' title='bbox 828 4357 938 4427; x_wconf 84' lang='lat' dir='ltr'><strong>favore</strong></span> <span class='ocrx_word' id='word_1_306' title='bbox 956 4357 1052 4449; x_wconf 89' lang='lat' dir='ltr'><strong>partis</strong></span> <span class='ocrx_word' id='word_1_307' title='bbox 1075 4355 1251 4426; x_wconf 88' lang='lat' dir='ltr'><strong>Turrianae</strong></span> <span class='ocrx_word' id='word_1_308' title='bbox 1274 4353 1422 4444; x_wconf 89' lang='lat' dir='ltr'><strong>frequen·</strong></span> 
     </span>
    </p>
   </div>
   <div class='ocr_carea' id='block_1_3' title="bbox 290 4575 1021 4638">
    <p class='ocr_par' dir='ltr' id='par_1_3' title="bbox 290 4575 1021 4638">
     <span class='ocr_line' id='line_1_34' title="bbox 290 4575 1021 4638; baseline -0.014 -6"><span class='ocrx_word' id='word_1_309' title='bbox 290 4579 326 4636; x_wconf 77' lang='grc' dir='ltr'><strong>(Ι)</strong></span> <span class='ocrx_word' id='word_1_310' title='bbox 339 4579 399 4628; x_wconf 69' lang='grc' dir='ltr'><strong>Ην.</strong></span> <span class='ocrx_word' id='word_1_311' title='bbox 413 4591 534 4626; x_wconf 73' lang='lat' dir='ltr'><strong>ocenum</strong></span> <span class='ocrx_word' id='word_1_312' title='bbox 585 4581 623 4636; x_wconf 83' lang='lat' dir='ltr'><strong>(b)</strong></span> <span class='ocrx_word' id='word_1_313' title='bbox 637 4581 697 4628; x_wconf 75' lang='lat' dir='ltr'><strong>lter.</strong></span> <span class='ocrx_word' id='word_1_314' title='bbox 712 4592 757 4638; x_wconf 81' lang='lat' dir='ltr'><strong>qua</strong></span> <span class='ocrx_word' id='word_1_315' title='bbox 769 4577 866 4636; x_wconf 79' lang='lat' dir='ltr'><strong>primurn</strong></span> <span class='ocrx_word' id='word_1_316' title='bbox 879 4589 905 4624; x_wconf 77' lang='lat' dir='ltr'><strong>tc</strong></span> <span class='ocrx_word' id='word_1_317' title='bbox 920 4575 1021 4636; x_wconf 74' lang='lat' dir='ltr'><strong>aequem</strong></span> 
     </span>
    </p>
   </div>
   <div class='ocr_carea' id='block_1_4' title="bbox 237 4775 1203 4934">
    <p class='ocr_par' dir='ltr' id='par_1_4' title="bbox 237 4775 1203 4934">
     <span class='ocr_line' id='line_1_35' title="bbox 272 4775 1203 4854; baseline -0.005 -18"><span class='ocrx_word' id='word_1_318' title='bbox 272 4781 316 4852; x_wconf 92' lang='lat' dir='ltr'><strong>(r)</strong></span> <span class='ocrx_word' id='word_1_319' title='bbox 335 4779 377 4838; x_wconf 86' lang='lat' dir='ltr'><strong>Cl.</strong></span> <span class='ocrx_word' id='word_1_320' title='bbox 404 4781 474 4838; x_wconf 73' lang='lat' dir='ltr'><strong>Ata</strong></span> <span class='ocrx_word' id='word_1_321' title='bbox 497 4781 644 4848; x_wconf 75' lang='lat' dir='ltr'><strong>Mussnro,</strong></span> <span class='ocrx_word' id='word_1_322' title='bbox 671 4781 712 4838; x_wconf 78' lang='lat' dir='ltr'><strong>De</strong></span> <span class='ocrx_word' id='word_1_323' title='bbox 737 4783 807 4854; x_wconf 74' lang='lat' dir='ltr'><strong>goth</strong></span> <span class='ocrx_word' id='word_1_324' title='bbox 852 4781 905 4836; x_wconf 78' lang='lat' dir='ltr'><strong>Ast.</strong></span> <span class='ocrx_word' id='word_1_325' title='bbox 924 4775 1022 4844; x_wconf 77' lang='lat' dir='ltr'>LXVI,</span> <span class='ocrx_word' id='word_1_326' title='bbox 1041 4793 1093 4844; x_wconf 78' lang='lat'><strong>240</strong></span> <span class='ocrx_word' id='word_1_327' title='bbox 1111 4793 1126 4831; x_wconf 89' lang='lat' dir='ltr'><strong>e</strong></span> <span class='ocrx_word' id='word_1_328' title='bbox 1145 4791 1203 4850; x_wconf 78' lang='lat' dir='ltr'><strong>sgg.</strong></span> 
     </span>
     <span class='ocr_line' id='line_1_36' title="bbox 237 4859 1178 4934; baseline -0.005 -14"><span class='ocrx_word' id='word_1_329' title='bbox 237 4863 294 4920; x_wconf 72' lang='lat' dir='ltr'><strong>ltu.</strong></span> <span class='ocrx_word' id='word_1_330' title='bbox 314 4864 334 4932; x_wconf 79' lang='lat'><strong>1,</strong></span> <span class='ocrx_word' id='word_1_331' title='bbox 352 4865 423 4922; x_wconf 91' lang='lat' dir='ltr'><strong>rubr.</strong></span> <span class='ocrx_word' id='word_1_332' title='bbox 443 4880 476 4932; x_wconf 82' lang='lat' dir='ltr'><strong>r;</strong></span> <span class='ocrx_word' id='word_1_333' title='bbox 496 4864 531 4922; x_wconf 92' lang='lat' dir='ltr'><strong>G.</strong></span> <span class='ocrx_word' id='word_1_334' title='bbox 545 4865 695 4934; x_wconf 70' lang='lat' dir='ltr'><strong>vaurum,</strong></span> <span class='ocrx_word' id='word_1_335' title='bbox 712 4865 805 4922; x_wconf 78' lang='lat' dir='ltr'><strong>Cbrott</strong></span> <span class='ocrx_word' id='word_1_336' title='bbox 885 4865 928 4934; x_wconf 89' lang='lat'><strong>(2)</strong></span> <span class='ocrx_word' id='word_1_337' title='bbox 948 4861 991 4918; x_wconf 78' lang='lat' dir='ltr'><strong>Cf.</strong></span> <span class='ocrx_word' id='word_1_338' title='bbox 1011 4859 1178 4918; x_wconf 81' lang='lat' dir='ltr'><strong>Presazlone.</strong></span> 
     </span>
    </p>
   </div>
   <div class='ocr_carea' id='block_1_5' title="bbox 0 0 1934 5890">
    <p class='ocr_par' dir='ltr' id='par_1_5' title="bbox 0 0 1934 5890">
     <span class='ocr_line' id='line_1_37' title="bbox 0 0 1934 5890; baseline 0 2"><span class='ocrx_word' id='word_1_339' title='bbox 0 0 1934 5890; x_wconf 95' lang='lat' dir='ltr'><strong> </strong></span> 
     </span>
    </p>
   </div>
  </div>
 </body>
</html>
