3860 5884
480 501 523 589 58
954 509 1221 570 utstotus·

478 739 619 830 capiens,
645 755 678 806 et
700 736 866 828 proximos
883 732 919 790 (⁸)
940 755 1091 825 sequaces
1115 753 1192 804 suos
1210 730 1251 806 ad
1274 753 1363 804 mma
1384 750 1577 820 provocans,
1600 751 1674 800 cum
1702 751 1748 800 ao

480 876 600 944 magna
627 851 729 936 turoa,
751 851 792 920 all
815 850 958 920 nobilem
981 849 1119 940 plateam
1143 847 1183 922 de
1205 848 1235 920 la
1258 845 1428 920 sissimo>
1450 867 1520 920 sese
1544 845 1674 930 snitu

480 994 519 1040 ea
536 991 676 1060 namque
692 969 821 1038 caeteris
833 965 972 1058 partibus
985 963 1070 1038 urbis
1080 964 1204 1056 plenior
1220 963 1399 1046 Gibellinis,
1411 984 1449 1030 ac
1466 962 1564 1036 etlam
1579 963 1675 1036 armis

480 1105 513 1157 et
534 1088 624 1177 equis
648 1086 830 1176 opulentior
852 1107 979 1174 semper
1000 1082 1073 1166 fuit,
1094 1081 1214 1171 ibique,
1237 1077 1455 1170 frequentibus
1478 1079 1602 1163 turmis,
1626 1103 1674 1148 se-

478 1225 596 1293 quaces
618 1201 714 1292 partis
738 1199 894 1272 nobilium
916 1217 1027 1288 portae
1040 1195 1233 1268 Ticinensis
1251 1217 1385 1286 propere
1403 1193 1624 1284 glomerantur
1641 1196 1674 1266 in

480 1341 593 1400 unum,
611 1317 688 1408 quid
706 1317 812 1407 primo
831 1334 939 1404 agant,
957 1314 1076 1404 ignari3
1099 1334 1175 1386 nam
1197 1310 1332 1382 stolidus
1354 1309 1443 1381 furor
1461 1310 1675 1383 Theutonunt
1702 1329 1745 1397 25

478 1434 586 1525 paucis
610 1432 712 1522 placet
733 1431 860 1522 quibus,
882 1430 972 1502 aelst
994 1453 1013 1498 a
1036 1446 1147 1500 natura
1169 1429 1288 1512 evenit,
1313 1427 1467 1500 amicitias
1486 1429 1552 1498 suis
1571 1429 1676 1517 pravis

479 1547 623 1617 moribus
642 1545 760 1636 ubique
775 1546 943 1636 praecipue
961 1568 1018 1635 per
1033 1543 1158 1616 Italiam
1177 1541 1385 1626 confundere,
1405 1543 1494 1614 cuius
1514 1561 1675 1614 contratae

479 1663 600 1733 incolas
630 1683 691 1732 suo
723 1661 844 1730 damno
874 1661 1012 1732 nimium
1040 1676 1204 1750 spernunt,
1234 1657 1323 1748 quod
1352 1657 1528 1730 vacationis
1552 1657 1676 1747 imperii

479 1801 536 1869 per
550 1797 600 1848 tot
614 1795 762 1867 tempora
777 1778 965 1860 maximam,
981 1777 1084 1848 immo
1096 1775 1199 1848 solam
1215 1797 1343 1847 causam
1354 1774 1365 1868 l
1376 1793 1466 1865 puto.
1512 1773 1574 1852 heu
1589 1773 1676 1864 quod

479 1895 609 1984 antiqua
631 1911 664 1962 et
682 1891 747 1962 fids
762 1891 933 1982 imperialis
952 1891 1043 1962 aulae
1058 1890 1198 1982 hospitia
1221 1913 1338 1981 pravus
1362 1889 1444 1962 ordo
1464 1889 1676 1966 Germanicus
1705 1907 1749 1974 30

482 2033 557 2080 aas
579 2008 668 2100 pellit
690 2007 783 2099 cttlpa
805 2008 873 2078 suil
920 2031 995 2078 cum
1018 2009 1124 2097 itaque
1146 2006 1188 2078 de
1212 2009 1333 2082 cuncus
1356 2007 1496 2096 partibus
1511 2025 1677 2098 portarum

481 2123 679 2196 Vercellinae
702 2141 734 2194 et
753 2123 934 2196 Titinensis
955 2121 996 2194 arl
1018 2122 1172 2212 Viperiua
1189 2121 1282 2212 signa
1305 2122 1513 2205 concurritur,
1537 2113 1677 2211 dumque

406 2241 411 2250 '
481 2239 557 2320 iam,
575 2237 619 2310 ibi
633 2237 793 2329 frequenti
808 2238 937 2328 agmine
952 2235 1049 2321 fatto,
1065 2235 1182 2314 Galeas
1201 2255 1232 2312 et
1249 2237 1306 2328 qui
1320 2259 1432 2311 aecum
1450 2253 1551 2318 erant,
1567 2257 1677 2305 versus

482 2357 700 2447 propinquum
710 2356 830 2439 vitum,
842 2377 940 2446 quem
952 2352 1052 2444 uulgo
1065 2353 1197 2428 Curiam
1213 2355 1314 2428 Ducis
1326 2353 1362 2410 (ἢ
1376 2353 1526 2436 dicimus,
1537 2351 1677 2426 frontem

482 2469 605 2554 darent,
626 2470 671 2540 ibi
693 2470 864 2549 sollicitant
887 2469 1127 2546 Gennattorutu
1150 2468 1277 2544 turbam
1300 2468 1422 2554 vident,
1440 2469 1559 2560 quippe
1581 2489 1679 2558 quos·
1707 2485 1748 2553 35

484 2609 622 2678 cumque
644 2587 679 2656 in
706 2587 802 2660 umis
833 2587 919 2660 cives
946 2588 1071 2660 timent
1127 2603 1205 2660 tune
1236 2586 1414 2661 Bouchlous
1446 2586 1679 2676 Mantegacius,

483 2725 595 2792 nuper,
613 2700 771 2777 benefitio
789 2701 884 2791 regis,
904 2699 944 2774 de
962 2701 1057 2774 exule
1072 2699 1172 2776 treus
1188 2702 1278 2784 civis,
1296 2720 1332 2770 ut
1345 2701 1533 2792 paventium
1552 2700 1679 2773 animos

487 2817 725 2886 Germanorum
747 2815 864 2898 firmet,
891 2815 931 2884 de
954 2839 1088 2886 suorum
1107 2817 1247 2908 agmine,
1270 2815 1360 2887 nullo
1383 2815 1471 2906 quod
1494 2837 1571 2884 eum
1593 2836 1679 2883 com·

485 2931 663 3024 positorerp
685 2951 739 3010 aut
761 2933 912 3008 nuntium
943 2955 1012 3008 esse
1034 2931 1195 3024 significet
1217 2933 1313 3030 signo
1337 2931 1423 3016 dato,
1448 2930 1489 3000 ad
1512 2953 1569 3002 eos
1592 2929 1679 3000 solus

485 3047 597 3118 tendit.
642 3065 755 3118 oootra
781 3069 880 3138 quem
907 3048 1005 3118 iratus
1028 3048 1224 3120 Theutonus
1250 3047 1408 3118 hostiliter
1430 3071 1506 3118 eum
1530 3045 1680 3116 accedere
1707 3063 1753 3131 40

485 3182 581 3248 rania,
597 3163 687 3234 nudo
710 3187 799 3248 ense,
816 3181 931 3254 sponte
955 3165 1053 3234 venit
1076 3165 1086 3256 Ι
1109 3188 1223 3234 verum
1242 3162 1421 3235 Boschiuns
1440 3163 1527 3236 illico
1551 3162 1590 3231 de
1609 3185 1680 3232 ver·

485 3279 546 3358 tico
568 3279 694 3372 galeam
711 3279 839 3364 tollens,
863 3279 997 3358 civiliter
1019 3302 1058 3350 at
1075 3279 1193 3352 blando
1212 3279 1303 3352 vultu
1326 3279 1460 3354 adeum
1480 3279 1626 3363 tendens,
1644 3301 1680 3348 se

485 3419 580 3465 suurn
603 3395 716 3486 probat
735 3396 892 3468 amicum:
917 3395 1033 3465 deinde
1056 3417 1167 3466 secum
1187 3394 1227 3464 ad
1249 3395 1411 3465 sociorum
1434 3395 1541 3465 turbas
1564 3396 1681 3486 pergit,

485 3533 566 3605 quos
581 3532 697 3580 omnes
712 3533 769 3605 per
781 3528 908 3606 paratos
923 3511 1109 3602 interpretes
1130 3511 1215 3584 illico
1227 3533 1356 3580 securos
1375 3529 1408 3580 et
1422 3510 1562 3584 multum
1580 3510 1681 3579 laetos

486 3624 571 3708 iecit,
590 3624 722 3710 doeens,
744 3626 864 3700 Galeas
887 3627 1000 3700 Mattoi
1023 3625 1137 3713 filium,
1157 3645 1291 3702 cunctos
1314 3627 1422 3710 etiam,
1440 3648 1523 3716 quos
1542 3643 1681 3698 armatos
1708 3640 1752 3707 45

553 3845 586 3904 (sl
600 3845 641 3891 st
654 3845 696 3890 Aa
708 3843 820 3903 pessime
875 3847 907 3902 (b)
923 3846 964 3892 Bb
978 3845 1072 3894 Petrina

375 4083 380 4092 ·
487 4055 585 4118 potera
604 4045 733 4120 dissipare
751 4045 824 4106 dalla
842 4059 934 4106 mente
957 4047 986 4104 di
1009 4048 1060 4108 En·
1108 4065 1165 4122 153·
1198 4049 1390 4109 Anticameute
1412 4047 1433 4104 il
1452 4049 1602 4109 monistero
1621 4067 1636 4104 e
1655 4048 1682 4106 la

487 4131 545 4190 riso
563 4131 616 4190 Vll
640 4131 706 4206 ogni
730 4131 831 4190 dubbio
854 4131 924 4192 sulla
947 4132 1008 4192 iede
1032 4133 1060 4190 di
1105 4133 1196 4193 chiesa
1215 4133 1389 4206 prendevano
1404 4149 1488 4190 nome
1505 4133 1542 4190 da
1560 4150 1581 4190 s.
1601 4133 1684 4190 Uide-

486 4217 601 4286 Manen,
614 4219 649 4276 oi
661 4219 678 4272 e
690 4215 761 4276 fuori
774 4216 819 4276 del
836 4234 903 4278 aero
917 4217 979 4288 tlte,
994 4236 1060 4279 ton·
1106 4217 1172 4274 nco.
1199 4217 1313 4274 lititolo
1325 4218 1353 4276 di
1364 4217 1503 4274 Boccheto
1513 4218 1683 4293 compatiare

487 4300 565 4364 dotto
588 4299 642 4362 alla
666 4317 795 4376 pretenta
815 4301 1061 4377 dell’imperatore,
1106 4303 1132 4359 la
1141 4303 1310 4376 primavolta
1319 4303 1683 4378 inunapergamenaAmbr.

487 4385 543 4458 egli
556 4385 636 4447 abbia
649 4386 749 4452 uetito
764 4385 916 4460 libitoque
931 4386 958 4452 di
973 4387 1062 4449 taller-
1106 4386 1233 4458 deltr54,
1243 4386 1286 4444 ct.
1292 4387 1470 4456 Fuusosuu,
1476 4403 1520 4464 op.
1529 4389 1583 4458 eit,
1587 4405 1614 4462 p.
1621 4383 1682 4444 266.

488 4467 574 4531 matis
588 4485 637 4544 per
654 4469 699 4531 eto
722 4469 775 4528 alae
798 4469 825 4528 la
847 4486 917 4534 vote
936 4471 1061 4544 pubbliaa
1140 4473 1185 4544 (2)
1199 4471 1222 4528 ll
1242 4471 1328 4546 luogo
1352 4475 1368 4528 e
1387 4471 1586 4546 precisamente
1609 4471 1684 4546 quel·

488 4551 584 4610 ditata
601 4553 630 4608 di
647 4552 695 4614 lui.
1106 4555 1227 4612 i’attuaie
1246 4555 1378 4613 laberinto
1396 4557 1425 4612 di
1443 4569 1536 4614 strette
1554 4557 1598 4614 vie
1610 4555 1683 4614 della

523 4637 566 4710 (ι)
586 4635 625 4696 La
642 4637 736 4710 pinara
753 4635 826 4700 della
844 4637 953 4696 Piscina
971 4651 1060 4698 trova-
1106 4640 1220 4698 vecchia
1231 4639 1336 4698 liliano
1356 4641 1407 4696 che
1426 4657 1511 4698 mcor
1526 4641 1592 4716 oggi
1610 4639 1684 4696 citia-

488 4719 547 4781 vasi
560 4733 655 4794 prato
670 4719 690 4780 il
704 4721 1062 4794 mommoriacensi»,
1107 4723 1177 4785 maai
1193 4724 1323 4786 Cornan.
1342 4723 1387 4789 ci.
1410 4726 1540 4792 Grutttu,
1560 4742 1607 4800 op.
1627 4725 1683 4794 eit,

489 4799 523 4868 ti
545 4799 673 4874 ῦωιω.
687 4820 731 4880 op
749 4805 805 4880 sis,
823 4803 897 4874 vul.
922 4803 988 4880 631;
1014 4805 1063 4881 IX,
1108 4805 1184 4876 vul.
1202 4805 1263 4884 ὀμ.
