3874 5886
595 539 622 594 1.
652 537 710 594 DE
738 535 1056 594 CERMENATE.
1380 539 1419 606 23

229 761 386 830 nobilium
405 759 551 830 factionis
575 761 694 848 primus
713 781 750 828 ac
769 777 871 828 rector
893 775 969 826 erat.
1029 757 1079 826 hic
1098 779 1132 826 se
1150 757 1319 826 satellitem
1342 759 1425 848 regis

230 897 336 960 vocat,
350 899 447 966 seque
462 897 498 943 ac
511 876 648 944 domum
665 876 733 944 eius
743 875 852 944 multis
862 873 1076 964 imperialibus
1092 873 1185 943 donis
1200 895 1231 944 et
1244 875 1352 966 gratiis
1367 873 1425 942 do·

165 1021 202 1068 ro
229 1013 331 1062 tatum
350 1015 508 1060 asserens:
533 991 704 1071 eminime,
718 991 831 1080 inquit,
842 989 979 1059 domino
994 1014 1068 1059 meo
1084 991 1208 1060 rebellis
1225 1013 1294 1060 esse
1308 991 1384 1060 volo
1394 1017 1424 1058 a.

230 1107 309 1176 haec
339 1107 445 1176 audita
476 1129 542 1173 vox
576 1105 701 1174 comitis
729 1105 870 1172 insolens
905 1107 1042 1174 nimium
1074 1105 1232 1196 plerisque
1265 1107 1334 1174 visa
1368 1125 1425 1174 est.

230 1223 347 1312 quippe
366 1225 392 1290 si
411 1243 468 1312 pro
485 1223 518 1276 (¹)
538 1245 572 1290 se
592 1219 670 1290 nihil
698 1219 908 1288 solicitudinis
931 1245 1052 1310 gerere,
1076 1245 1233 1310 generum
1259 1222 1328 1290 eius
1347 1221 1427 1290 Gui-

231 1337 352 1408 donem
374 1336 489 1404 soliciti
513 1337 636 1404 timoris
655 1357 722 1404 non
750 1335 913 1428 modicam
933 1359 1063 1404 causam
1082 1336 1140 1404 sibi
1159 1335 1227 1405 iore
1247 1335 1427 1420 eredebant,

234 1455 295 1534 cui,
309 1453 317 1540 l
333 1451 526 1520 obtinendae
551 1449 791 1532 dominationis,
809 1451 835 1518 si
855 1474 909 1518 rex
929 1453 1052 1520 venerit
1064 1451 1110 1534 (l),
1129 1473 1244 1540 parurn
1262 1453 1329 1540 spei
1350 1469 1427 1520 etat.
1490 1485 1502 1517 c
1527 1473 1580 1530 sor

169 1599 203 1664 ¹5
240 1566 439 1658 stupentibus
457 1568 564 1656 itaque
580 1567 721 1648 caeteris,
735 1567 899 1634 Antonius
914 1565 953 1634 de
966 1567 1122 1656 Fissiraga
1135 1567 1180 1650 (¹),
1199 1569 1232 1636 in
1249 1567 1339 1636 cuius
1356 1589 1430 1636 cura

242 1703 274 1752 et
290 1701 447 1774 potestate
475 1681 649 1752 Laudensis
681 1683 791 1750 civitas
814 1683 940 1750 eratl‘lz
973 1703 1174 1772 «postquam
1201 1682 1291 1766 nibil,
1317 1683 1430 1772 inquit,

165 1817 174 1826 “
244 1801 333 1868 cuius
348 1801 450 1888 gratia
468 1798 508 1866 ad
522 1797 556 1866 id
578 1799 683 1866 vocati
701 1819 823 1878 sumuS,
843 1799 894 1888 agi
919 1798 1024 1881 video,
1048 1799 1128 1888 ipso,
1152 1797 1192 1866 de
1210 1821 1278 1887 quo
1297 1799 1430 1868 minime

234 1914 429 1996 dubitabam,
454 1913 650 2004 impediente
685 1931 884 1982 conventum
910 1914 957 1996 (ἃ),
987 1935 1045 2003 pro
1057 1915 1091 1968 (⁸)
1117 1935 1152 1982 se
1182 1915 1316 2004 quisque
1346 1933 1430 2004 agat.

235 2053 423 2122 quaeremus
453 2049 485 2098 et
508 2051 568 2098 nos
592 2031 624 2098 in
651 2029 723 2098 aula
752 2031 837 2118 regis
863 2029 972 2098 locum
992 2055 1022 2098 s.
1070 2029 1109 2098 ad
1137 2029 1200 2098 hoc
1226 2030 1262 2084 (r)
1298 2030 1431 2100 Guiliel·

166 2173 209 2220 20
236 2170 327 2216 munt
343 2144 613 2228 Cavalcabovem,
632 2145 722 2213 cuius
736 2145 920 2213 Cremonae
938 2143 1078 2234 pollebat
1094 2145 1265 2214 auctoritas
1278 2145 1324 2228 (²),
1340 2147 1432 2214 nobi·

236 2263 322 2332 litate
346 2261 450 2350 gentis
470 2261 651 2330 divitiarum
666 2281 696 2328 et
712 2281 879 2328 armorum
898 2261 991 2350 copia
1001 2261 1048 2342 (ὅ),
1068 2277 1100 2328 et
1116 2283 1191 2328 cum
1207 2283 1248 2328 eo
1262 2261 1432 2330 Simonem

236 2377 439 2446 Advocatum
450 2377 486 2430 (Ἠ)
501 2399 577 2444 suae
592 2375 699 2464 partis,
719 2375 896 2464 principem
914 2377 948 2444 in
965 2374 1131 2457 Vercellis,
1148 2375 1328 2466 accepimus
1347 2377 1381 2444 in
1392 2399 1433 2446 eo

238 2493 410 2584 colloquio,
426 2492 466 2560 ad
484 2493 684 2582 propositum
703 2490 828 2558 comitis
842 2489 1114 2574 submovendum,
1131 2489 1244 2560 fiarstra
1259 2492 1433 2581 plurimum

299 2759 330 2810 (a)
347 2755 440 2812 nepo
493 2751 787 2812 (blltbealttaobtinendl
798 2751 1143 2810 dominatusinadventnregls
1199 2755 1388 2812 lelflbrllrrr.
1405 2757 1436 2802 ei.

239 2837 359 2886 uitauerat,
369 2835 420 2878 licet
430 2835 515 2890 absque
525 2833 592 2878 titulo
602 2832 701 2890 privatus
712 2833 797 2878 viveret
813 2833 834 2876 in
846 2833 900 2876 urbe
910 2845 949 2876 sua
1005 2833 1037 2888 ld)
1047 2839 1068 2880 B
1076 2836 1090 2879 b
1098 2834 1240 2892 impellente,
1255 2847 1293 2894 per
1348 2839 1377 2892 (el
1395 2839 1435 2884 Bb

238 2927 276 2972 per
330 2911 555 2970 <immansueta
611 2909 1215 2971 (alBeatenondivitiarumetantieornmcopia
1283 2917 1435 2970 (11)ΒὸΑά-

239 3001 346 3038 voeatunt
360 2993 388 3036 de
404 2990 538 3038 Colloblano

243 3233 317 3288 ltalia
336 3235 351 3287 e
365 3231 478 3288 dettodl
492 3231 527 3286 lui
541 3249 556 3288 e
569 3231 613 3286 dei
625 3233 698 3288 suoi:
715 3233 816 3288 «Mort-
862 3237 1048 3291 «esecuzione
1076 3237 1127 3291 alla
1153 3253 1220 3310 pace
1249 3239 1399 3294 universale
1411 3261 1434 3292 a.

243 3341 257 3368 ι
269 3317 378 3390 signent
393 3315 489 3390 Phelip
501 3317 535 3372 de
548 3316 696 3390 Langouse
712 3329 739 3373 et
751 3331 814 3374 tous
862 3319 925 3375 Non
941 3335 1005 3394 pare
1021 3321 1072 3376 che
1088 3323 1187 3378 alcuno
1205 3323 1248 3378 dei
1267 3337 1376 3395 quatuo
1395 3341 1437 3380 ac·

245 3403 362 3458 «chiaus
392 3403 425 3456 de
454 3401 598 3474 Langouse
627 3403 816 3476 respondirent
862 3417 986 3460 cenasse.
1039 3405 1082 3464 Ci.
1101 3407 1136 3462 D.
1156 3405 1321 3472 Comaru,
1336 3407 1384 3474 111,
1398 3425 1437 3474 tv,

245 3511 258 3537 a
270 3487 436 3560 plainement
456 3505 509 3560 que
531 3487 549 3542 il
565 3487 680 3544 estoient
704 3489 816 3560 apateil·
863 3509 877 3544 e
894 3491 939 3560 pila
958 3490 1152 3561 specialmente
1172 3492 1179 3545 i
1199 3493 1354 3548 documenti
1374 3493 1438 3564 pub-

244 3595 257 3622 «
270 3573 304 3626 lie
320 3573 342 3628 si
355 3589 465 3628 comme
480 3572 534 3626 bon
548 3585 624 3642 suget
639 3573 749 3627 etvasal
763 3575 819 3628 d’o·
861 3573 952 3630 blicati
968 3573 1012 3628 dal
1028 3575 1088 3630 Dea
1103 3575 1208 3630 Lunoo
1225 3593 1239 3630 a
1256 3575 1437 3630 illustratione

246 3657 326 3712 abdit
345 3673 360 3711 a
380 3669 470 3712 tontes
492 3657 531 3712 les
550 3671 687 3730 requestes
701 3679 730 3722 s,
755 3659 817 3712 doc.
863 3659 889 3714 di
899 3659 961 3732 quel
972 3677 1062 3730 passo.
1094 3659 1134 3714 Lo
1145 3660 1304 3715 ritroviamo
1314 3661 1359 3732 pila
1369 3661 1435 3714 tardi

244 3742 474 3812 natatur-150)
485 3757 581 3811 agusto
593 3745 619 3796 in
630 3743 762 3808 Bnunmt,
772 3761 817 3815 op.
863 3743 917 3796 alla
932 3757 1007 3798 corte
1018 3745 1042 3798 di
1054 3743 1154 3798 Enrico
1167 3742 1218 3798 Vll
1235 3747 1261 3799 in
1277 3745 1381 3800 Milano
1392 3745 1437 3800 col

245 3825 298 3892 cit,
309 3827 328 3880 l.
366 3827 441 3880 Sulla
455 3827 543 3882 antica
559 3825 664 3881 rivalitb
676 3839 716 3880 tra
727 3827 734 3880 i
747 3827 817 3882 Lan·
863 3841 944 3882 conte
960 3825 1099 3901 Filippone
1119 3829 1145 3882 di
1168 3827 1314 3902 Langosco
1330 3849 1345 3886 e
1364 3831 1438 3886 Man·

245 3925 331 3980 posco
346 3927 362 3966 e
380 3911 389 3964 l
409 3911 537 3966 Beccaria
556 3909 590 3966 ci.
609 3909 644 3966 G.
664 3911 816 3976 Ronotrttt,
864 3911 930 3967 lredi
946 3911 1083 3968 Beccarla.

245 3996 585 4068 b'atiricapportamtiallo
600 3999 679 4050 storia
693 3995 758 4050 dello
772 4013 818 4050 rua
899 3997 942 4068 (a)
971 3997 1049 4052 «Era
1068 3997 1175 4054 allhora
1202 4001 1345 4070 (trecen.)
1363 4000 1438 4056 l’atat·

242 4083 338 4152 patrio,
358 4081 450 4145 Patria,
470 4081 544 4152 1830,
562 4079 617 4136 vol.
637 4079 683 4148 lV,
703 4093 778 4153 parte
799 4081 819 4146 l,
865 4083 971 4138 «corita
987 4083 1013 4138 di
1027 4083 1188 4152 Guglielmo
1207 4082 1374 4150 Cavalcabb,
1389 4084 1438 4140 lra-

245 4181 288 4238 pp.
305 4179 352 4232 ²05
372 4181 387 4218 e
403 4181 461 4234 sgg.
865 4187 879 4216 a
890 4163 956 4220 tello
972 4165 998 4219 di
1009 4165 1143 4238 Giaeopo,
1159 4177 1235 4222 tanto
1249 4167 1350 4238 grande
1366 4167 1438 4222 nella

279 4249 323 4318 (r)
343 4249 465 4304 Antonio
483 4248 509 4303 dl
535 4245 668 4320 Fissiraga
692 4265 710 4303 o
736 4248 820 4304 Fure·
865 4261 983 4304 «nostra
998 4251 1062 4304 citra
1077 4249 1129 4304 che
1143 4261 1212 4305 tutte
1228 4251 1252 4304 le
1271 4265 1336 4304 cose
1355 4249 1439 4322 publi·

247 4349 322 4400 rago,
341 4333 453 4404 podestl
472 4333 497 4386 di
523 4331 634 4388 Firenae
653 4333 699 4388 nel
718 4335 784 4388 1288
804 4351 819 4387 e
866 4353 879 4380 a
891 4332 942 4388 che
961 4333 1083 4386 secondo
1102 4333 1120 4386 il
1139 4349 1190 4388 suo
1209 4332 1302 4388 volere
1321 4333 1439 4387 s'ammi·

246 4417 315 4470 duce
339 4416 519 4470 dell'esmcito
547 4415 691 4471 florentino
721 4431 818 4470 contro
866 4417 1055 4470 anistraeano.
1092 4415 1138 4468 Ma
1158 4433 1204 4488 per
1232 4431 1322 4470 essere
1351 4417 1436 4487 questi

248 4501 362 4564 Arerro,
371 4517 416 4552 era
427 4512 497 4554 stato
513 4516 567 4553 uno
581 4499 622 4554 dei
637 4513 746 4572 quattro
756 4519 820 4570 gen·
865 4521 879 4548 ι
892 4497 988 4552 fratelli
998 4497 1135 4568 capidella
1144 4497 1256 4552 lattione
1267 4497 1356 4566 quella
1366 4517 1437 4570 poco

247 4581 383 4637 tiluornlni
403 4581 536 4638 lombardi
556 4587 686 4656 proposti,
702 4585 735 4638 da
749 4601 818 4656 papa
866 4599 973 4637 «erano
993 4583 1073 4636 amici
1094 4581 1308 4654 all'lntperatore
1320 4603 1344 4638 a.
1393 4583 1435 4640 Ci.

249 4665 398 4720 benedetto
417 4665 464 4732 XI,
483 4683 548 4738 pure
567 4683 583 4720 a
601 4667 714 4738 podestl
734 4669 759 4722 di
779 4667 820 4722 Fi·
865 4667 899 4720 Α.
915 4665 1028 4732 Carano,
1045 4665 1170 4722 Cremona
1184 4665 1324 4734 fidelissimo
1340 4669 1400 4722 rilld
1415 4677 1437 4722 rt

222 4811 230 4828 ι
248 4750 386 4816 rente,nel
397 4751 509 4820 maggio
519 4765 527 4804 t
536 4767 592 4820 304,
600 4769 646 4824 per
656 4751 819 4806 coadiuvare
865 4751 1016 4804 nobilissimo
1025 4751 1121 4804 colonia
1130 4753 1189 4814 dc,
1202 4748 1351 4820 Cremona,
1362 4751 1437 4822 1585,

249 4833 267 4888 il
282 4833 401 4888 cardinal
412 4833 527 4890 Niceolb
538 4833 571 4888 da
582 4835 663 4890 Prato
672 4833 716 4889 nel
728 4855 741 4884 a
753 4835 817 4888 dare
865 4851 890 4906 p.
906 4831 922 4888 6
927 4849 948 4904 ς.
