3860 5890
622 639 650 694 1.
679 641 736 696 DE
765 639 1080 697 CERMENATE.
1383 643 1442 710 135

260 861 378 930 comite
396 861 541 930 Antonio
560 880 592 931 et
610 861 754 946 Simone,
774 861 961 932 introductis
980 861 1158 946 Turrianis,
1175 863 1313 932 Matteus
1329 861 1447 931 extrin-

258 997 350 1044 secus
374 975 490 1044 mansit
509 975 583 1045 exul
601 994 633 1045 et
651 975 760 1046 Guido
783 976 822 1046 de
846 976 877 1044 la
899 977 1003 1046 Turre
1027 999 1102 1046 suae
1122 976 1269 1046 factionis
1291 977 1453 1067 princeps,

260 1089 372 1160 deluso
390 1093 573 1160 temerariae
596 1091 781 1162 intentionis
800 1115 876 1162 suae
896 1091 1038 1174 Alberto,
1053 1093 1107 1183 qui
1124 1090 1299 1162 Mediolani
1315 1113 1450 1182 regnare

191 1225 233 1276 20
259 1225 353 1294 posse
373 1202 529 1286 credebat,
548 1205 692 1294 regnavit
711 1225 778 1272 non
802 1203 903 1274 modo
926 1203 1114 1288 Mediolani,
1137 1205 1240 1272 immo
1263 1205 1360 1274 etiam
1380 1203 1452 1272 Pla·

261 1321 395 1404 centiae,
417 1321 487 1410 ipso
510 1319 747 1390 reconciliatore
766 1343 826 1390 suo
850 1319 924 1390 inde
947 1321 1050 1411 pulso.
1097 1339 1130 1390 et
1152 1319 1282 1390 exulem
1301 1318 1375 1388 fecit
1397 1320 1453 1410 qui

261 1437 366 1526 ipsum
389 1455 421 1506 et
438 1455 572 1526 agnatos
595 1455 627 1506 et
649 1459 800 1527 sequaces
828 1439 896 1506 eius
919 1438 1027 1506 exules
1051 1435 1168 1528 absque
1197 1459 1252 1526 spe
1275 1433 1382 1506 subito
1407 1435 1454 1504 fe-

260 1571 344 1620 cerat
366 1551 560 1620 desideratae
575 1551 659 1622 urbis
679 1575 754 1620 suae
773 1553 858 1620 cives
871 1553 917 1622 (¹).
962 1555 1069 1642 itaque
1088 1553 1227 1622 Matteus
1246 1553 1318 1634 iste,
1335 1551 1391 1642 qui
1415 1552 1450 1618 in

261 1665 362 1756 prima
385 1665 603 1736 dominatione
626 1669 732 1736 iunior
755 1689 893 1757 regnans
912 1667 1033 1736 nullam
1055 1669 1241 1738 iniuriarum
1260 1687 1390 1736 suanam
1406 1665 1455 1734 ul·

192 1803 232 1870 25
260 1784 383 1852 tionem
418 1803 584 1868 sumserat,
607 1785 696 1875 quasi
731 1783 946 1854 indifferenter
981 1805 1040 1876 pro
1074 1784 1165 1853 malis
1196 1783 1331 1855 reddens
1356 1783 1453 1866 bona,

261 1917 431 1991 postquam
454 1899 492 1968 ab
516 1901 646 1990 ingratis
667 1919 792 1991 sceptro
815 1899 934 1991 pulsus,
958 1901 1153 1992 exiliumque
1184 1901 1305 1970 eisdem
1337 1921 1453 1990 procu·

261 2009 401 2082 rantibus
420 2033 438 2078 a
456 2012 570 2102 quibus
593 2035 660 2081 non
679 2012 712 2082 id
726 2013 879 2082 meruisse
899 2011 1056 2097 credebat,
1074 2035 1168 2104 aegre
1187 2013 1324 2082 nutrium
1341 2033 1452 2102 passus

262 2146 329 2214 est3
354 2125 583 2217 aliquantulum
606 2127 829 2196 inclementior
856 2126 957 2196 factm
981 2146 1056 2212 erat,
1081 2127 1213 2198 credens
1244 2127 1340 2196 nimis
1363 2125 1455 2194 facile

263 2243 462 2334 ignoscendo
485 2243 660 2334 periculum
679 2245 856 2326 incurrisse,
889 2261 921 2314 et
949 2261 1115 2335 propterea
1144 2245 1264 2314 multos
1293 2241 1333 2312 ad
1357 2265 1453 2332 expe·

195 2377 236 2444 30
263 2359 410 2430 tiendum
424 2359 587 2430 fortunam
601 2359 673 2428 belli
690 2361 770 2430 inse
788 2359 938 2430 audacius
954 2363 1136 2430 surrexisse.
1183 2360 1255 2430 heic
1268 2383 1303 2428 se
1319 2359 1453 2428 instmat

263 2477 443 2547 humanum
474 2499 588 2566 genus,
611 2495 643 2544 et
665 2477 698 2546 in
722 2476 814 2546 coelo
844 2478 922 2546 sciat
944 2501 1013 2548 esse
1047 2479 1103 2567 qui
1126 2475 1309 2546 mortalium
1344 2497 1453 2545 curam

264 2589 388 2674 habeat,
408 2609 439 2660 et
458 2588 629 2680 aliquando
659 2591 730 2658 heic
752 2593 891 2680 praemia
914 2613 972 2680 pro
1000 2591 1121 2660 metitis
1139 2591 1247 2681 inique
1276 2589 1454 2679 agentibus,

262 2708 430 2798 praecipue
462 2707 603 2798 ingratis,
626 2707 747 2776 reddat.
792 2710 826 2776 in
858 2709 919 2778 hos
945 2709 1099 2798 ingratos,
1123 2709 1226 2776 immo
1253 2706 1455 2776 retributores

263 2819 436 2890 diabolicos
461 2820 600 2892 Matteus
627 2821 749 2890 saevire
767 2821 880 2910 potuit,
905 2840 940 2891 ut
959 2821 1070 2892 voluit.
1116 2839 1225 2890 tamen
1249 2843 1305 2888 eos
1328 2821 1361 2888 in
1386 2820 1454 2888 eius

194 2953 233 3021 35
263 2955 418 3026 potestate
438 2936 582 3026 captivos
597 2935 729 3020 habens,
743 2936 922 3020 Albertum,
941 2938 1015 3028 quia
1030 2937 1166 3006 aliomm
1181 2935 1296 3004 astutia
1306 2933 1454 3006 seductus

264 3049 375 3134 fuerat,
394 3049 491 3120 libere
509 3051 674 3135 relaxavit,
693 3053 833 3122 retinens
851 3052 1033 3123 seductores
1053 3053 1084 3120 in
1105 3050 1292 3134 carceribus,
1311 3051 1366 3142 qui
1384 3071 1453 3141 per-

263 3183 396 3254 petuum
420 3165 619 3236 domicilium
642 3165 769 3236 fuerunt
787 3164 856 3236 sibi.

331 3280 449 3350 LXVI.
496 3281 575 3350 Post
590 3281 682 3351 buius
700 3281 832 3351 Henrici
845 3282 994 3372 principis
1009 3281 1109 3350 nostri
1128 3297 1268 3350 mortem
1284 3279 1317 3348 in
1333 3281 1456 3348 cunctis

263 3393 402 3486 partibus
417 3395 525 3466 Italiae
544 3397 664 3466 exultat
676 3396 855 3488 Guelphus,
866 3421 932 3468 non
945 3395 1046 3466 modo
1058 3395 1219 3480 Thuscus,
1232 3417 1344 3466 verum
1357 3395 1454 3463 etiam

265 3511 474 3582 Lombardus.
517 3532 548 3583 et
567 3513 641 3582 licet
658 3537 698 3581 ex
713 3513 903 3603 primoribus
922 3512 1118 3602 Guelphicae
1136 3511 1283 3582 factionis
1302 3513 1336 3580 iu
1356 3511 1454 3578 lom·

265 3623 373 3694 bardia
401 3626 491 3696 multi
511 3645 543 3694 et
565 3626 706 3718 plerique
730 3626 819 3696 domi
845 3649 921 3698 suae
940 3628 1096 3720 principes
1114 3645 1169 3697 aut
1192 3627 1275 3696 caesi
1294 3645 1349 3694 aut
1372 3625 1454 3714 capti

217 3767 234 3834 5
264 3740 380 3826 forent,
402 3742 587 3812 Franciscus
610 3761 642 3812 et
667 3743 782 3811 Simon
813 3741 853 3810 de
875 3743 906 3812 la
924 3743 1028 3814 Turre
1052 3743 1220 3826 Gnidonis,
1243 3740 1284 3811 de
1310 3762 1377 3832 quo
1400 3763 1454 3808 su·

264 3857 369 3944 perius
387 3857 528 3946 pluribus
543 3857 622 3926 locis
636 3859 759 3927 mentio
777 3857 859 3928 facta
878 3879 935 3943 est,
955 3857 1011 3928 filii
1026 3859 1158 3930 exulum
1177 3856 1352 3926 Mediolani
1367 3855 1454 3945 prin·

265 3973 360 4061 cipes,
384 3971 523 4042 collectis
546 3973 686 4064 undique
705 3976 882 4044 amicorum
901 3973 1020 4044 viribus
1037 3976 1069 4044 in
1085 3974 1193 4064 Papia,
1209 3991 1333 4042 tantum
1350 3971 1455 4062 gentis

264 4085 582 4172 effortium,maxime
597 4089 867 4180 equitum,subito
880 4091 1086 4180 collegerunt,
1099 4108 1135 4160 ut
1150 4088 1328 4160 Gibellinae
1337 4089 1454 4179 gentis,

263 4203 439 4294 specialiter
457 4205 613 4296 equitum,
632 4207 718 4276 nulla
733 4225 820 4296 parte
840 4207 989 4276 timerent
1007 4227 1177 4276 occursum
1191 4205 1236 4272 (⁸).
1283 4205 1455 4274 sentientes

198 4343 237 4390 to
265 4317 486 4388 Mediolanum
513 4317 747 4391 conductorum
771 4322 914 4412 equitum
949 4319 1146 4403 vacuum,(¹)
1170 4319 1269 4388 nimia
1292 4337 1325 4388 et
1349 4319 1456 4388 crebra

299 4513 726 4586 (r)Vedicap.linl11delC.e
739 4514 839 4572 li.Mo-
883 4535 927 4590 op.
946 4517 1000 4584 cit,
1015 4515 1088 4572 nella
1102 4515 1203 4572 notizia
1217 4519 1317 4572 stotica
1332 4517 1384 4572 che
1399 4533 1456 4590 pre·

264 4597 837 4674 arcnsslm,ttooaluncuoqesgg
883 4601 949 4660 cede
966 4600 986 4657 il
1004 4599 1124 4667 volume,
1142 4618 1168 4674 p.
1187 4615 1254 4658 acta
1272 4618 1288 4656 e
1307 4589 1366 4674 sg'g.

264 4683 361 4738 Anche
371 4683 495 4738 Antonio
505 4683 683 4757 Fissiragada
696 4683 764 4738 Lodi
777 4683 837 4741 lece
919 4687 962 4756 (a)
982 4683 1025 4740 Εἰ.
1053 4685 1122 4740 Ata
1151 4685 1299 4752 Mossato,
1323 4685 1365 4741 De
1387 4687 1457 4758 gestis

263 4765 289 4820 la
309 4777 393 4822 nessa
411 4763 521 4822 infelice
537 4765 589 4823 fine
608 4767 635 4822 di
655 4767 796 4842 Filippone
810 4769 838 4824 di
884 4767 1099 4844 itatpostllm.
1113 4769 1456 4836 inmanitatibus

264 4849 418 4922 Langosco.
465 4851 509 4908 Ci.
542 4851 684 4910 'saturato
722 4852 835 4910 Caacru
917 4853 962 4926 (3)
982 4851 1019 4907 Le
1039 4851 1194 4909 condicioni
1215 4851 1288 4910 della
1305 4865 1381 4926 parte
1400 4853 1458 4926 ghi·

264 4934 393 4990 Historiae
403 4937 513 5008 patriae,
528 4935 601 5002 xxt,
610 4933 837 5004 saevitum,
882 4937 982 4993 belline
1008 4935 1037 4992 in
1064 4936 1168 4992 Milano
1196 4937 1258 4993 ein
1281 4937 1407 5010 generale
1429 4939 1457 4992 in
