3860 5890
594 555 621 612 1.
651 553 711 611 ou
739 553 1054 612 cauuauaru.
1356 559 1416 629 107

164 797 202 844 ro
229 775 354 866 quieos
372 773 480 846 fratres
491 777 666 866 increpans,
695 775 879 860 «vultisne,
892 777 1006 866 inquit,
1019 777 1289 846 excommunicati
1302 799 1418 868 corpus

230 889 452 960 Mediolanum
467 889 572 958 serre?
587 915 603 954 a
623 891 668 958 (¹).

297 1005 333 1074 L.
380 1005 504 1072 Interea
520 1003 670 1072 Vercellis
684 1002 799 1072 seditio
814 1005 897 1072 inter
912 1005 998 1072 cives
1014 1025 1103 1074 mota
1113 1005 1187 1074 iiiuc
1198 1007 1328 1076 suscitat
1343 1005 1418 1076 Piri-

231 1119 353 1212 lippum
373 1118 413 1188 de
436 1117 606 1201 Sabaudia,
625 1121 679 1209 qui
700 1138 738 1188 ut
760 1119 858 1210 ipsius
878 1119 963 1188 urbis
985 1121 1231 1210 communisque
1253 1139 1358 1190 tector
1378 1142 1418 1190 eo

231 1237 357 1304 uenisse
380 1233 484 1306 iereru
514 1235 756 1324 compositionis
786 1255 892 1316 eausa,
925 1257 992 1304 non
1022 1235 1131 1304 taiisa
1154 1234 1332 1304 Tizonibus
1363 1257 1418 1304 eo·

231 1371 367 1439 rumque
380 1349 568 1440 sequacibus
587 1348 724 1420 creditus
742 1369 802 1432 est,
815 1349 871 1418 sed
886 1369 1061 1440 suspectus.
1107 1351 1162 1440 qui
1176 1349 1251 1418 illuc
1265 1351 1419 1420 comitem

184 1485 201 1550 5
231 1461 423 1530 Varnerium
448 1461 532 1532 illico
563 1461 769 1552 sequentibus
791 1461 887 1532 literis
920 1481 1015 1552 atque
1042 1461 1166 1532 nunciis
1195 1479 1419 1552 provocarunt.

232 1577 264 1646 in
284 1577 373 1646 cuius
397 1575 535 1646 adventu
555 1599 623 1646 uon
641 1576 726 1646 urbis
744 1576 861 1650 seditio
884 1577 1016 1660 tollitur,
1031 1577 1087 1646 sed
1107 1595 1243 1650 novatur
1250 1602 1260 1660 ;
1279 1601 1366 1660 nam,
1385 1595 1421 1648 ut

232 1689 369 1760 creditor
387 1715 427 1760 ex
452 1691 627 1780 proposito,
646 1709 715 1760 orta
744 1693 811 1760 rixa
833 1693 914 1762 inter
943 1690 1112 1761 familiares
1135 1691 1297 1781 utriusque
1320 1689 1421 1774 duos,

232 1806 378 1896 utrinque
404 1805 511 1876 subito
541 1827 615 1875 cum
637 1807 776 1876 tumultu
803 1809 902 1896 captis
929 1809 1038 1890 annis,
1055 1807 1199 1876 Vamerii
1222 1805 1341 1874 familia
1363 1827 1421 1894 po·

231 1921 350 1990 tentior
378 1919 448 2004 fuit,
470 1939 502 1990 et
530 1921 667 2012 spoliato
697 1921 835 2010 hospitio
858 1921 1006 2012 Philippi,
1029 1923 1097 2012 ipse
1125 1919 1242 1990 relictis
1277 1919 1366 2010 equis
1389 1937 1422 1990 et

167 2053 205 2103 to
232 2035 328 2104 armis
347 2055 384 2104 ac
413 2055 513 2126 prope
535 2033 641 2106 nudus
663 2037 764 2106 milite
787 2037 819 2104 io
838 2055 976 2106 castrum
993 2035 1247 2117 Advocatorum
1261 2033 1349 2124 quod
1372 2051 1421 2102 tu·

232 2153 353 2222 multus
383 2169 528 2242 tempore
553 2175 570 2220 a
600 2175 660 2222 suo
688 2151 773 2222 urbis
802 2153 900 2222 latere
927 2153 1025 2222 situm
1052 2171 1158 2222 tutum
1187 2149 1420 2242 receptaculum

233 2269 355 2336 cunctis
370 2290 446 2336 suae
458 2267 602 2336 factionis
617 2287 696 2350 etat,
708 2269 792 2336 vitae
806 2267 1135 2358 condensisque).
1182 2267 1233 2336 iric
1256 2265 1421 2354 Philippus

232 2383 343 2450 comiti
357 2381 476 2451 viribus
493 2383 649 2471 imparem
663 2383 804 2452 sennem
818 2405 864 2464 se,
881 2381 961 2454 dum
975 2403 1097 2472 paratas
1111 2399 1222 2452 contra
1235 2403 1270 2451 se
1286 2401 1421 2472 magnas

233 2495 523 2567 Mediolanensium
556 2517 752 2566 armatorum
784 2499 891 2588 copias
921 2499 1027 2580 sentit,
1058 2497 1219 2566 Vercellas
1242 2497 1365 2586 linquit,
1389 2513 1421 2564 et

167 2627 203 2694 ις
233 2613 362 2702 Papiam
384 2611 475 2682 redit.
521 2609 636 2682 deinde
665 2631 740 2702 post
772 2634 892 2702 paucos
922 2611 992 2682 dies
1015 2613 1195 2682 Taurinum
1223 2611 1291 2694 ivit,
1324 2633 1421 2700 quam

232 2725 342 2796 urbem
375 2726 538 2797 Amadeus
561 2745 691 2818 patruus
720 2727 798 2812 eius,
822 2749 881 2818 pro
911 2747 1063 2818 usurpato
1087 2750 1158 2798 ase
1181 2727 1334 2796 comitatu
1365 2725 1422 2796 Sa·

233 2837 364 2910 baudiae
381 2841 441 2930 ipsi
465 2839 614 2932 Philippo
634 2843 811 2932 pertinente
828 2843 1038 2916 successionis
1060 2843 1140 2924 iure,
1158 2841 1264 2910 eidem
1292 2839 1421 2910 dederat

231 2953 456 3045 possidendam
480 2977 555 3025 cum
582 2957 703 3048 aliquot
729 2955 853 3046 oppidis
883 2959 916 3028 in
945 2955 1158 3026 Pedemontio
1191 2955 1274 3038 titis3
1296 2953 1422 3024 relictus

232 3071 350 3138 etenim
364 3088 431 3139 erat
446 3069 609 3160 Philippus
625 3071 683 3140 iste
697 3071 834 3162 pupillus
852 3073 949 3162 ipsius
964 3072 1067 3162 patrui
1080 3071 1208 3154 tutelae,
1223 3069 1278 3160 qui
1293 3068 1421 3138 sibimet

163 3200 206 3248 20
233 3187 402 3254 comitatus
420 3185 487 3254 iura
505 3205 624 3256 tutams
642 3205 700 3256 est.
746 3187 799 3256 hic
816 3187 981 3278 Phiiippus
1002 3187 1145 3256 sentiens
1169 3183 1347 3256 Gibeliinos
1366 3185 1420 3254 ii·

233 3323 326 3390 gures
345 3323 382 3370 aa
404 3302 503 3372 totius
531 3303 597 3372 iere
621 3302 832 3372 Lombardiae
862 3321 973 3372 eontra
994 3325 1051 3370 eos
1082 3303 1150 3370 eius
1168 3321 1265 3390 prava
1287 3299 1419 3370 consilia

233 3433 328 3504 atque
351 3415 608 3488 machinamenta
637 3419 824 3508 percepisse,
853 3439 889 3486 ac
922 3417 1027 3506 ipsum
1055 3417 1208 3486 comitem
1231 3415 1420 3484 Varnerium

234 3529 350 3600 horum
370 3533 518 3600 omnium
547 3533 735 3602 instructum
754 3555 834 3616 esse,
857 3531 1006 3624 deinceps
1028 3533 1118 3602 omni
1137 3555 1193 3622 spe
1216 3531 1249 3600 in
1268 3529 1334 3600 suis
1352 3551 1422 3621 par·

234 3642 318 3712 tibus
341 3643 528 3714 dominandi
559 3647 673 3736 posita,
695 3647 791 3716 solito
822 3645 935 3716 salario
958 3668 1018 3714 suo
1041 3643 1245 3736 percipiendo
1267 3641 1380 3712 saltem
1403 3665 1422 3708 a
1488 3706 1494 3719 ,

163 3773 204 3842 25
234 3759 441 3849 Pupiensibus
471 3783 580 3830 curam
603 3759 701 3844 dedit,
724 3781 757 3830 et
785 3761 961 3832 celebrandi
980 3761 1106 3852 nuptias
1128 3761 1237 3850 gratia,
1258 3775 1421 3830 conuecto

235 3875 442 3944 matrimonio
475 3873 542 3958 filii,
572 3875 774 3966 quorundam
806 3875 963 3946 nobilium
997 3875 1200 3966 papiensium
1233 3873 1419 3946 comitivam

267 4151 311 4218 (a)
327 4149 397 4208 Tale
415 4149 525 4216 notizia,
542 4149 712 4222 largameute
729 4149 807 4208 sirut-
850 4149 919 4206 Piac-
934 4149 1009 4216 XVI,
1022 4149 1075 4216 488
1120 4163 1178 4220 agg.
1215 4145 1268 4204 Pet
1285 4143 1312 4202 ia
1327 4145 1421 4202 critica

233 4243 288 4286 tata
302 4233 337 4288 da
351 4231 412 4288 tutti
427 4231 465 4304 gii
479 4231 572 4290 aeorici
587 4233 730 4298 lombardi,
748 4249 803 4288 non
850 4233 920 4290 deiie
939 4233 1013 4288 varie
1030 4231 1098 4288 fonti
1118 4230 1145 4288 in
1166 4241 1295 4303 rapporte
1318 4227 1420 4286 ailatti

233 4312 269 4368 ha
284 4311 354 4369 aluo
368 4315 507 4386 appoggio
522 4313 674 4370 aiiiniuori
688 4315 731 4371 dei
748 4315 781 4372 C.
849 4317 900 4374 che
913 4317 959 4390 qui
971 4317 994 4374 si
1004 4329 1120 4371 natrano
1133 4313 1167 4370 ci.
1181 4315 1309 4380 Gtuatau,
1320 4329 1364 4386 op.
1376 4311 1421 4370 cit.

268 4399 312 4464 (a)
326 4397 371 4454 Ci.
399 4397 434 4456 G.
460 4399 609 4466 vaurum,
629 4399 724 4456 ciros.
750 4401 805 4458 Asa
849 4399 898 4468 IV,
917 4417 949 4456 aa
968 4417 983 4456 e
1014 4417 1088 4470 suu-3
1107 4401 1140 4456 C.
1160 4399 1345 4462 Droursorrt,
1370 4397 1422 4454 lie·

236 4479 331 4546 iiiiii,
346 4495 396 4552 ²3⁷
410 4497 509 4554 «κως
525 4481 620 4538 Clarae
633 4483 805 4556 hetaeum.
850 4487 928 4542 teuit
946 4483 1088 4540 oricula·
1105 4482 1215 4544 Venelli,
1232 4479 1326 4548 Bieila,
1344 4477 1420 4546 1864,

235 4565 316 4637 ilaus.
329 4583 359 4624 ac
370 4565 509 4624 ananau
521 4565 550 4622 in
562 4567 723 4632 nomini,
734 4569 804 4624 stou
850 4585 865 4622 e
877 4567 912 4622 D.
926 4567 1114 4632 Cerretanus,
1133 4565 1148 4620 1
1163 4565 1265 4634 Tiqqeei
1279 4583 1292 4620 a
1304 4563 1340 4638 gii
1353 4565 1423 4622 Atu-

234 4649 804 4726 aquosa,11‚e.209ugg.eperpiu
847 4652 936 4722 padre,
956 4651 1068 4724 saggiot
1089 4649 1205 4716 Tatiae,
1233 4649 1309 4718 ιω,
1333 4665 1358 4720 p.
1386 4647 1420 4702 ²8

235 4731 325 4805 ample
346 4733 446 4792 notiaie
458 4733 526 4792 Ars
539 4735 688 4802 musairo.
700 4751 745 4809 op.
758 4737 804 4794 eit.
849 4753 865 4794 e
878 4755 939 4810 app,

234 4813 456 4886 V11,rubr.rm;
478 4817 553 4876 Lon
570 4819 685 4888 iiussu,
708 4819 804 4878 arae.
