3860 5890
512 531 574 626 190
976 529 1228 586 HIS-TORIA

490 751 587 820 ¹clara
605 749 676 819 luce
698 748 811 818 urbem
828 751 966 819 intravit.
1012 771 1098 832 eum,
1114 768 1150 818 ut
1165 751 1311 840 cognitus
1335 767 1393 834 est,
1412 749 1496 817 illico
1520 746 1693 818 multitudo

506 865 626 955 populi,
647 865 743 956 captis
762 867 869 948 armis,
890 865 1042 955 sequitur.
1088 866 1179 955 pauci
1203 865 1356 934 Iacobum
1375 862 1415 934 de
1438 863 1625 935 Radenasco
1642 885 1694 932 se-

506 999 647 1068 quuntur
660 982 771 1048 armati
779 1005 789 1064 ;
806 1003 880 1048 cum
898 979 1024 1069 quibus,
1044 980 1152 1050 audito
1164 980 1315 1064 tumultu,
1328 980 1368 1048 ad
1382 979 1542 1070 publicam
1555 979 1693 1069 plateam

506 1094 592 1164 urbis
609 1096 722 1186 pergit,
741 1095 848 1186 ibique
877 1118 952 1164 cum
982 1095 1139 1185 plerisque
1162 1095 1270 1165 locum
1293 1097 1399 1184 ipsum
1422 1095 1557 1164 retinere
1576 1117 1694 1162 conan-

505 1210 600 1291 tibus,
619 1233 703 1299 equo
733 1228 847 1279 stratus
861 1209 906 1292 (⁸),
923 1209 1086 1280 occiditur.
1133 1211 1250 1280 Galeaz
1268 1211 1459 1278 Vicecomes
1477 1209 1522 1276 ibi
1540 1231 1599 1297 pro
1617 1231 1692 1296 rege
1722 1209 1743 1274 6
1745 1227 1763 1293 5

506 1325 640 1392 vicarius
669 1325 843 1394 tumultum
874 1323 1016 1408 audiens,
1035 1325 1103 1394 eius
1131 1326 1177 1393 rei
1207 1347 1337 1394 causam
1367 1325 1554 1393 nunciantes
1578 1323 1693 1413 arguit,

505 1459 625 1529 eosque
647 1437 779 1507 timidos
799 1461 929 1522 vocans,
948 1438 1030 1508 adeo
1049 1461 1159 1529 capere
1182 1461 1270 1506 arma
1283 1437 1415 1521 distulit,
1433 1434 1521 1528 quod
1540 1438 1604 1504 iam
1620 1457 1694 1526 pro-

505 1553 639 1644 pinquas
662 1555 813 1624 minantis
832 1555 1029 1644 vulgivoces
1052 1554 1209 1644 intelligit,
1255 1573 1342 1638 tunc,
1357 1553 1414 1622 sed
1432 1552 1530 1634 tarde,
1547 1550 1693 1619 dissimu-

505 1667 632 1738 lationis
661 1669 789 1753 oblitus,
808 1689 938 1761 repente
965 1692 1052 1738 arma
1080 1672 1172 1759 capit,
1191 1688 1223 1738 et
1245 1669 1374 1740 modica
1394 1669 1527 1758 stipatus
1550 1667 1692 1756 equitum

505 1813 615 1872 manu,
645 1790 915 1859 adclamantium
944 1812 1041 1859 voces
1071 1790 1215 1874 tendens,
1238 1789 1380 1880 undique
1402 1788 1569 1858 hostilibus
1598 1786 1692 1854 armis
1720 1798 1763 1864 70

504 1903 614 1992 plenas
633 1903 719 1972 urbis
737 1921 848 1972 stratas
880 1903 977 1988 videt,
1000 1904 1169 1994 statimque
1195 1905 1278 1973 inter
1300 1903 1453 1972 minantia
1470 1901 1534 1970 tela
1557 1900 1692 1982 clausus,

503 2019 603 2086 sensit
617 2016 730 2087 frustra
744 2041 814 2088 sese
827 2021 895 2089 niti.
941 2021 1047 2110 itaque
1062 2020 1155 2089 celeri
1170 2020 1303 2090 consilio
1316 2039 1420 2110 capto,
1432 2019 1507 2087 inde
1518 2039 1691 2108 utcumque

504 2130 672 2216 divellitur,
687 2151 720 2201 et
734 2156 790 2224 per
804 2135 963 2204 minantes
980 2135 1100 2204 civium
1112 2154 1234 2204 turmas
1244 2135 1364 2204 vadens
1379 2135 1503 2224 integer
1516 2155 1572 2224 per
1586 2151 1691 2222 portas

504 2246 703 2317 Cremonam
726 2249 856 2340 linquit,
875 2252 927 2318 cui
949 2251 1111 2341 Ughettus
1135 2250 1175 2320 de
1194 2251 1223 2319 la
1242 2251 1408 2341 Campana
1437 2248 1638 2320 conestabilis
1660 2267 1692 2316 et

502 2362 593 2444 socii,
610 2362 726 2452 quibus
744 2387 842 2433 nemo
865 2366 998 2456 impune
1016 2365 1147 2435 obviam
1170 2367 1268 2450 venit,
1283 2365 1366 2434 ferro
1389 2367 1474 2433 viam
1493 2363 1614 2432 faciunt
1627 2363 1672 2430 (¹).
1718 2377 1758 2444 75

569 2477 688 2546 XLIV.
735 2479 831 2548 Tunc
854 2503 1075 2570 quaecumque
1098 2483 1131 2549 in
1150 2479 1342 2550 Lombardia
1360 2481 1454 2550 urbes
1476 2479 1544 2570 regi
1566 2478 1690 2548 deditae

503 2591 635 2678 fuerant,
652 2595 685 2662 in
703 2594 818 2684 quibus
837 2617 908 2685 pars
924 2596 1147 2686 Guelphorum
1165 2597 1327 2686 potentior
1343 2615 1419 2679 erat,
1442 2595 1553 2686 spretis
1567 2595 1690 2662 vicarlis

502 2709 656 2796 omnique
674 2711 860 2799 magistratu
883 2712 977 2802 regis,
997 2732 1051 2782 aut
1068 2713 1224 2782 violenter
1245 2713 1343 2803 pulsis
1373 2734 1438 2780 una
1467 2733 1541 2779 cum
1568 2709 1690 2778 civibus

502 2818 668 2890 Gibellinis
690 2841 723 2890 et
751 2847 834 2914 quos
859 2843 1023 2914 suspectos
1054 2826 1222 2910 habebant,
1246 2827 1385 2916 Guelphi
1418 2847 1551 2916 coepere
1579 2843 1689 2894 contra

501 2959 612 3027 regem
641 2961 781 3029 surgere,
805 2961 875 3008 sese
898 2939 1009 3010 dantes
1032 2942 1144 3030 Ugoni
1170 2943 1210 3010 de
1236 2945 1411 3026 Bausemo,
1439 2943 1494 3031 qui
1522 2962 1580 3030 pro
1613 2962 1689 3029 rege
1718 2953 1735 3020 5

503 3052 643 3124 Roberto
661 3055 695 3122 in
714 3053 906 3124 Lombardia
929 3057 1120 3146 Guelphicas
1148 3055 1277 3126 fovebat
1297 3075 1411 3148 partes.
1456 3057 1548 3148 pulso
1571 3056 1689 3126 Galeaz

500 3169 709 3252 Vicecomite,
730 3169 895 3240 Cremona
917 3171 1000 3240 illico
1030 3172 1195 3241 Turrianis
1215 3173 1346 3263 aliisque
1374 3173 1520 3263 dispersis
1543 3170 1688 3242 exulibus

553 3469 586 3526 (ι)
600 3467 662 3514 Mer.
676 3475 748 3516 emto

534 3704 1071 3780 (r)11raccontodelC.concorda,oltre
1115 3727 1163 3786 per
1181 3729 1262 3786 opera
1281 3714 1308 3769 di
1332 3713 1446 3772 Giberto
1470 3715 1504 3770 da
1523 3716 1686 3790 Correggio,

500 3786 551 3844 che
569 3789 767 3858 colqutnro,
782 3794 817 3862 V,
833 3809 907 3868 1092,
922 3812 975 3852 con
991 3797 1016 3851 le
1032 3808 1070 3853 at·
1115 3797 1228 3868 podestl
1258 3800 1284 3853 di
1303 3799 1413 3856 Parma:
1447 3820 1462 3851 c
1483 3801 1538 3873 qui,
1571 3813 1600 3856 ut
1623 3801 1687 3856 dici·

499 3871 640 3927 testationi
663 3873 736 3946 degli
760 3878 853 3932 storlcl
875 3883 1036 3948 tremonesi,
1054 3899 1069 3936 e
1115 3895 1192 3950 «tur,
1216 3883 1362 3939 duodecim
1380 3885 1467 3940 millia
1484 3885 1650 3942 florenorum
1669 3903 1686 3941 a

499 3954 991 4029 quindiprobabllmentedeicronistl
1004 3967 1070 4038 oggi
1115 3965 1303 4024 rFlotentinis
1326 3979 1353 4024 et
1376 3969 1593 4028 bononiensibus
1611 3987 1686 4026 rete·

499 4039 604 4108 perduti
622 4040 649 4098 di
666 4043 712 4100 cui
729 4044 783 4100 essi
801 4045 824 4102 si
842 4047 958 4105 valsero.
994 4050 1016 4108 ll
1035 4051 1069 4106 ri·
1115 4053 1214 4126 «pit».
1251 4055 1304 4112 Cib
1323 4071 1455 4122 avvenne,
1473 4073 1554 4114 come
1573 4057 1617 4130 gia
1639 4057 1685 4111 ab·

498 4133 579 4180 tomo
605 4123 633 4180 di
655 4125 812 4199 Guglielmo
846 4131 1003 4190 Cavalcabo
1039 4133 1067 4190 lu
1113 4138 1205 4194 biamo
1229 4139 1369 4208 avvertito,
1393 4142 1480 4196 molto
1505 4141 1593 4212 dopo;
1618 4139 1685 4196 Cre-

498 4207 643 4278 agevolato
667 4209 842 4270 dall'assenzn
867 4216 939 4271 dalla
958 4219 1023 4274 cittl
1040 4219 1068 4274 di
1114 4238 1206 4290 mona,
1219 4224 1264 4278 nel
1279 4225 1363 4278 modo
1377 4235 1485 4280 narrato
1495 4223 1540 4280 dal
1550 4226 1591 4293 C,
1604 4229 1685 4280 tomo

498 4289 637 4392 Giovanni
673 4294 861 4369 Castiglione,
893 4301 1006 4374 potesta
1042 4303 1070 4360 di
1114 4319 1187 4364 sotto
1202 4307 1229 4364 la
1243 4309 1363 4381 signoria
1376 4309 1403 4364 di
1416 4309 1575 4382 Guglielmo
1589 4309 1686 4366 Caval·

497 4387 573 4446 parte
590 4379 741 4452 imperiale,
758 4381 810 4438 che
828 4399 858 4440 se
876 4385 951 4442 n‘era
969 4387 1069 4444 andato
1114 4391 1183 4447 cabo
1199 4409 1214 4448 e
1229 4394 1290 4450 solo
1303 4393 1377 4466 dopo
1388 4393 1513 4452 l'assedio
1523 4395 1552 4450 di
1561 4395 1684 4450 Soncino

497 4473 550 4512 con
568 4458 594 4515 la
610 4461 745 4518 miliciae
772 4465 987 4526 Pozzobarozzo.
1025 4469 1068 4526 cf.
1113 4475 1290 4532 elamorte
1314 4477 1388 4534 dello
1411 4491 1497 4536 stesso
1525 4479 1683 4554 Gugllelmo

496 4539 609 4610 Correo,
618 4561 663 4618 op.
674 4547 719 4603 cit
729 4565 755 4622 p.
764 4547 808 4618 65.
853 4549 1067 4611 Erroneamente
1112 4559 1159 4628 (1⁴
1172 4559 1275 4632 giugno
1289 4563 1598 4632 r3ra)ediVenturlno
1613 4567 1684 4622 Ben-

495 4621 558 4679 Nrc.
581 4627 670 4685 Bora.
703 4647 755 4704 9⁰7
778 4633 889 4692 afferma
914 4637 966 4694 che
1000 4638 1067 4695 Cre-
1112 4657 1189 4708 zone,
1199 4659 1268 4716 capo
1278 4645 1322 4700 del
1330 4647 1412 4718 gnelfi
1422 4650 1585 4718 cremaschi,
1596 4651 1683 4708 cedde

496 4721 580 4762 mona
594 4709 618 4765 si
631 4711 728 4769 ribellb
743 4716 900 4792 all'impero
912 4719 1026 4778 durante
1040 4721 1067 4780 la
1112 4725 1140 4781 in
1155 4737 1248 4801 potere
1262 4727 1307 4784 del
1322 4730 1356 4786 da
1371 4731 1532 4808 Correggio.

496 4805 676 4861 permanenm
688 4797 714 4852 di
727 4797 827 4858 Emito
842 4803 893 4858 Vll
908 4805 935 4860 ln
952 4805 1067 4864 Genova
