3860 5884
607 599 633 654 1.
660 597 718 654 ne
747 597 1060 655 cerneum.
1385 601 1427 670 47

164 843 208 911 40
235 846 312 892 narn
331 821 384 892 ubi
402 823 500 914 ipsius
519 823 597 892 tanti
617 821 757 891 muneris
776 821 972 912 recuperatio
989 840 1063 912 post
1081 820 1216 891 modum
1240 821 1430 892 tractabatur

236 939 269 1009 in
288 937 429 1030 generali
447 937 597 1021 concilio,
609 936 774 1006 cuiusdam
793 936 863 1006 vilis
874 955 906 1006 et
920 937 1129 1028 imprudentis
1149 937 1225 1008 civis
1240 935 1428 1021 Mediolani,

235 1051 407 1142 Napoleoli
424 1051 459 1108 (⁸)
478 1073 569 1120 more
588 1051 675 1122 dicto
689 1051 735 1134 (l),
750 1068 905 1120 statutum
923 1048 993 1132 luit,
1013 1071 1048 1120 ut
1067 1051 1148 1120 ultra
1162 1051 1274 1141 viginti
1286 1051 1429 1143 quinque

237 1191 296 1238 nec
315 1167 396 1238 infra
414 1169 448 1224 (θ)
468 1166 581 1237 decern
600 1166 741 1236 florenos
760 1167 827 1234 auri
847 1167 969 1235 nemini
988 1167 1106 1236 civium
1125 1167 1249 1258 imponi
1267 1187 1385 1258 posset.

304 1283 413 1354 XXII.
460 1282 557 1352 Tunc
579 1305 633 1352 rex
649 1281 685 1338 (ἆ)
702 1279 784 1350 forte
803 1281 974 1350 mussantis
1001 1283 1110 1373 populi
1134 1305 1280 1352 murmur
1298 1285 1428 1368 timens,

237 1419 368 1470 centum
386 1397 513 1469 obsides
531 1421 571 1466 ex
590 1395 782 1488 primoribus
801 1397 936 1466 civitatis
955 1399 1112 1488 poposcit,
1125 1397 1240 1468 nobilis
1256 1398 1429 1468 comitivae

239 1517 339 1606 gratia
356 1537 467 1584 secum
484 1537 584 1606 usque
607 1515 746 1586 Romam
765 1511 881 1582 ducere
899 1513 933 1570 (⁸)
951 1513 996 1582 (¹).
1042 1514 1141 1604 quod,
1164 1514 1217 1584 ubi
1233 1513 1429 1604 publicatum

239 1629 309 1713 fuit,
324 1629 443 1720 ipsique
457 1627 583 1698 obsides
599 1627 766 1710 nominati,
785 1627 925 1719 primum
940 1627 1154 1720 popularibus,
1168 1629 1222 1720 qui
1242 1629 1342 1698 civilis
1358 1629 1430 1698 belli

193 1770 212 1839 5
240 1745 349 1816 toedio
374 1743 447 1816 lessi
466 1763 565 1828 erant,
591 1741 767 1814 admodum
795 1762 921 1834 marum
940 1743 1010 1814 luit.
1055 1767 1131 1813 nam
1158 1763 1244 1814 tanta
1263 1745 1431 1838 plerosque

240 1883 365 1944 eorum,
384 1861 438 1951 qui
450 1861 607 1931 nominati
625 1879 716 1930 erant
732 1859 898 1950 lturgebat
915 1859 950 1914 (f)
969 1857 1112 1942 ambiti0,
1131 1879 1165 1928 ut
1180 1861 1317 1930 nimium
1332 1882 1431 1952 grave

241 1974 373 2044 forerin
397 1973 473 2042 urbe
495 1997 553 2044 sua
575 1995 678 2065 aequo
697 1974 766 2042 iure
788 1973 906 2042 vivere.
952 1996 1056 2063 neque
1079 1973 1221 2042 contenti
1245 1991 1331 2057 sunt,
1354 1971 1432 2042 dum

242 2091 371 2160 caeteris
385 2087 500 2160 divitiis
513 2107 544 2158 et
559 2089 735 2158 bonoribus
749 2105 909 2180 praesunt,
922 2107 957 2158 ut
969 2111 1029 2157 nec
1044 2089 1179 2158 inierant
1197 2112 1257 2158 nec
1275 2089 1434 2178 patiantur

240 2205 369 2274 iniurias
380 2205 429 2274 (¹).
464 2228 578 2274 verum
594 2205 714 2276 iniuriis
729 2224 761 2274 et
776 2203 900 2274 damnis
916 2227 972 2274 eos
987 2227 1113 2296 semper
1126 2222 1278 2296 premunt
1291 2205 1434 2294 impune,

178 2347 216 2396 ro
242 2323 296 2412 qui
314 2321 350 2376 0)
368 2321 427 2390 sibi
444 2323 514 2391 usui
529 2321 659 2392 sunt(¹).
706 2321 811 2412 itaque
828 2339 899 2390 non·
907 2321 1068 2390 immerito
1082 2321 1117 2376 0>
1129 2343 1184 2411 per
1199 2340 1332 2390 cunctos
1349 2319 1435 2390 urbis

243 2435 379 2527 angulos
402 2436 519 2507 exaltat
542 2437 668 2528 vulgus,
690 2455 784 2527 atque
803 2437 950 2504 omnium
973 2435 1175 2526 pupularium
1199 2453 1309 2505 coetus
1328 2435 1436 2504 laetari

244 2553 349 2642 eoepit
360 2551 404 2618 (Ι).
451 2549 564 2620 abeant
582 2549 707 2620 anobis
722 2551 820 2642 longe
835 2551 890 2642 qui
905 2549 1038 2620 delirant
1057 2569 1088 2621 et
1099 2573 1226 2642 semper
1239 2549 1391 2620 dissident
1403 2549 1436 2619 in

245 2667 322 2738 urbe
334 2685 444 2738 nostro
455 2667 593 2738 damnol
640 2689 777 2758 cumque
788 2667 822 2736 in
833 2665 899 2736 dies
910 2667 1012 2756 magis
1021 2667 1186 2757 magisque
1198 2667 1276 2736 haec
1287 2664 1437 2736 obsidum

245 2783 369 2868 electio,
392 2805 489 2874 quam
513 2781 654 2854 nobilem
673 2783 859 2853 comitivam
882 2781 1029 2874 appellari
1053 2783 1156 2852 voluit
1177 2807 1245 2867 rex,
1267 2781 1438 2874 procedere

181 2923 193 2970 r
199 2922 217 2989 5
245 2897 414 2982 videretur,
427 2899 498 2990 ipso
510 2899 646 2968 instante
657 2921 743 2990 rege,
755 2921 796 2968 eo
808 2899 911 2989 magis
920 2899 1032 2968 caeteri
1044 2896 1329 2990 gratulabantur(¹¹)
1339 2899 1439 2981 cives,
1517 2910 1522 2916 '

246 3037 360 3084 eorum
377 3013 555 3084 libertatern
570 3031 603 3083 et
618 3013 823 3084 concordiam
839 3013 901 3084 boc
916 3015 986 3105 ipso
1006 3015 1181 3084 restitutam
1201 3013 1269 3082 lore
1284 3011 1436 3082 diceutes.

247 3153 360 3200 verum
379 3153 454 3200 cum
472 3128 614 3222 plerique
633 3153 673 3198 ex
693 3131 867 3200 nominatis
884 3153 925 3200 ne
939 3149 1006 3200 tam
1025 3130 1115 3222 longi
1136 3129 1254 3200 itineris
1279 3130 1412 3198 comites
1428 3127 1438 3218 l

248 3246 330 3334 regis
342 3243 465 3329 fierent,
473 3245 512 3314 de
525 3264 618 3315 coetu
633 3264 727 3338 atque
750 3265 924 3336 conspectu
939 3245 1110 3316 bominum
1122 3243 1282 3328 subtracti,
1298 3267 1436 3336 quorum

249 3359 390 3430 absentia
407 3361 442 3428 in
465 3359 532 3428 dies
552 3361 654 3452 magis
677 3360 846 3430 notabatur
864 3363 897 3432 in
915 3360 997 3446 foro,
1017 3363 1156 3431 nunciati
1175 3359 1280 3430 forent
1298 3361 1376 3450 regi,
1395 3359 1439 3428 ci·

179 3498 223 3548 20
249 3476 369 3566 ratique
381 3475 508 3566 plurimi
521 3477 655 3546 minime
667 3479 865 3568 apparuerint
876 3477 922 3562 (⁸),
935 3501 1011 3547 eum
1023 3475 1090 3548 non
1103 3477 1264 3547 immerito
1278 3475 1438 3545 solicitum

250 3611 344 3682 atque
362 3593 493 3660 anxium
506 3591 651 3662 reddunt.
698 3592 836 3662 duorum
852 3613 961 3663 tamen
977 3595 1129 3664 iuvenum
1144 3617 1184 3662 ex
1204 3615 1340 3664 numero
1354 3590 1439 3661 obsi-

251 3708 329 3777 dunr
349 3707 407 3778 sibi
426 3709 573 3778 nunciata
596 3709 729 3778 consilia
747 3709 872 3800 aegrius
891 3709 961 3779 tulit
979 3733 1047 3778 rex:
1068 3710 1185 3779 scilicet
1209 3709 1325 3778 Galeaz
1344 3707 1439 3776 Vice-

251 3823 379 3892 comitis
401 3843 433 3892 et
456 3822 670 3893 Francisebini
694 3824 733 3892 de
756 3824 786 3893 la
810 3824 925 3906 Turre,
955 3846 1094 3914 quorum
1117 3825 1194 3894 alter
1217 3823 1340 3904 Mattei,
1364 3821 1441 3892 alter

252 3937 422 4022 Guidorris,
444 3939 499 4030 qui
517 3939 550 4008 in
565 3937 641 4008 urbe
660 3957 881 4030 regnaverant,
899 3938 1076 4008 filiuserat.
1123 3939 1166 4022 hi,
1186 3939 1295 4028 nescio
1314 3957 1441 4030 patrum

329 4185 612 4244 (eleeivisNapnleoll
673 4187 973 4244 tbtdktouonearnra
1031 4185 1225 4242 (cleetlnlre
1288 4187 1319 4242 (d)
1334 4186 1441 4232 Bornos

253 4267 405 4322 primumrex
460 4269 491 4322 (a)
506 4265 671 4313 Bbdeducere
724 4267 755 4324 (l)
771 4266 917 4324 sternebat
972 4269 1003 4326 (ς)
1019 4267 1059 4314 Μ
1074 4265 1441 4326 rrequeeumceterisdivltliser

253 4345 377 4390 bonoribus
398 4353 510 4404 manem
529 4347 627 4392 eontentl
649 4355 709 4402 sunt,
724 4355 749 4393 nt
765 4359 806 4394 osc
827 4347 921 4394 lnlmnt
940 4359 981 4394 net
1001 4345 1113 4406 pudenter
1130 4347 1233 4393 iniuriam
1314 4347 1346 4402 (b)
1361 4346 1399 4392 Aa
1418 4355 1442 4391 ut

256 4425 391 4482 (llAalnlr
447 4425 852 4481 litlanbmanonlrnrnerlto
906 4427 1305 4486 (Dllbcoepitiuquleostabearrt
1347 4425 1444 4482 (mlflb

254 4507 440 4562 congratulantur
493 4509 526 4562 <nl
542 4506 582 4552 et
595 4515 727 4566 apparerent

292 4719 335 4786 (r)
345 4716 409 4774 Nrc.
420 4719 508 4774 Bora.
524 4719 577 4792 896
595 4737 611 4776 e
632 4721 666 4776 Α.
679 4719 828 4788 Massam,
874 4719 993 4786 larinum
1012 4723 1027 4774 e
1043 4719 1088 4792 piu
1115 4717 1254 4792 probabile
1272 4717 1377 4775 {omero
1392 4719 1447 4774 eln-

260 4801 292 4866 11,
303 4801 373 4856 rubr.
390 4819 412 4868 r,
429 4819 487 4874 341,
502 4803 634 4876 vogliono
653 4803 704 4860 clre
724 4805 828 4862 lossero
874 4803 1246 4878 quanmcomeattestailC.
1265 4803 1445 4872 CLGrutrsr,

257 4884 331 4942 eletai
350 4886 394 4942 dal
413 4905 441 4944 re
456 4887 630 4962 venticinque
649 4889 771 4944 cittadlni
783 4907 830 4963 per
875 4889 948 4954 v111,
963 4887 1023 4960 ⁶²3·
