3874 5886
480 515 521 562 22
950 514 1195 572 HISTORIA

479 733 609 824 spondit
627 735 676 802 (ὓς
705 758 815 824 cquae
829 738 972 804 martiana
985 737 1117 819 suntid,
1139 736 1253 827 inquit,
1273 739 1449 804 maximam
1473 737 1673 806 deliberatio·
1704 755 1720 820 5

481 873 557 917 nem
576 851 706 932 volunt3
730 873 771 918 ex
789 873 855 940 qno
875 874 942 919 non
965 852 1212 942 praesentialiter
1235 852 1294 934 his,
1313 874 1396 940 quae
1419 853 1499 921 tanti
1521 853 1672 942 ponderis

482 983 514 1031 et
541 966 699 1034 momenti
736 985 822 1047 sunt,
856 965 1118 1056 respondendum
1142 989 1259 1036 censeo
1275 967 1320 1048 (l),
1345 991 1468 1050 verum,
1500 967 1674 1035 deliberato

483 1081 629 1163 consilio,
637 1101 760 1152 mature
772 1084 956 1174 responderi
967 1111 998 1152 s.
1044 1085 1121 1174 qnid
1133 1104 1241 1154 antem
1253 1085 1464 1174 postmodnm
1477 1105 1531 1154 aut
1542 1089 1569 1153 si
1582 1086 1675 1178 quidi

482 1219 672 1286 responsum
695 1200 744 1280 sit,
764 1222 877 1288 panim
897 1200 975 1267 mibi
1000 1219 1135 1270 constat.
1180 1225 1294 1270 vetum
1321 1203 1386 1270 cito
1416 1203 1524 1270 multis
1551 1201 1674 1272 indiciis

480 1313 581 1402 patuit
599 1312 693 1382 huius
716 1333 870 1384 eventum
894 1317 1043 1406 principis
1065 1315 1310 1384 infestissimum
1335 1317 1493 1411 Gnidonis
1516 1317 1674 1386 voluntati
1707 1337 1747 1384 ro

480 1428 548 1496 fore
558 1455 567 1512 ;
586 1453 662 1497 nam
685 1433 789 1520 primo
806 1432 931 1501 occulte
948 1433 1105 1523 tantisque
1121 1433 1428 1502 comminationibus
1451 1433 1573 1503 civibus
1592 1433 1675 1501 inhi-

481 1545 553 1612 bere
583 1547 697 1634 coepit,
726 1545 840 1616 deinde
870 1547 995 1636 publice
1028 1571 1084 1636 per
1117 1545 1300 1638 frequentes
1335 1569 1474 1618 armatos
1501 1549 1674 1638 complices

396 1698 403 1724 ι
480 1679 513 1728 et
534 1661 683 1729 satellites
706 1683 781 1730 suos
801 1685 857 1752 pet
879 1665 946 1730 vias
957 1663 993 1718 (⁶)
1005 1683 1037 1732 et
1058 1665 1176 1754 plateas
1197 1665 1319 1734 cunctis
1338 1665 1461 1733 civibus
1489 1666 1613 1747 minari,
1633 1689 1675 1732 ne

482 1777 520 1844 de
537 1777 677 1846 adventu
692 1781 914 1848 Romanorum
934 1781 1017 1868 regis
1036 1801 1221 1850 sermonem
1236 1799 1377 1850 teneant.
1415 1781 1519 1849 immo
1533 1781 1674 1870 plerique

481 1893 599 1961 civium
623 1913 655 1962 et
678 1893 836 1962 nobilium
870 1895 1040 1963 comitatus
1077 1893 1253 1964 Mediolani
1277 1919 1353 1963 curn
1379 1897 1495 1984 paratis
1528 1897 1619 1984 equis
1642 1912 1674 1962 et
1706 1913 1742 1977 15

481 2009 586 2092 armis,
612 2031 648 2076 ac
667 2008 766 2076 nobili
790 2011 944 2078 iuvenum
964 2009 1126 2092 comitiva,
1155 2010 1342 2099 eugendii)
1360 2009 1493 2078 honoris
1513 2033 1616 2092 causa,
1640 2011 1673 2078 in

482 2124 591 2191 Italiae
608 2122 725 2193 finibus
740 2147 905 2193 occurrere
920 2125 1073 2215 parabant
1091 2127 1170 2214 regi,
1189 2147 1320 2194 summo
1336 2125 1443 2194 studio
1463 2125 1674 2194 honorificare

481 2241 644 2327 cupientes
663 2239 838 2308 adveutum
853 2241 933 2322 eius,
947 2263 1086 2330 quorum
1106 2242 1164 2308 iter
1178 2243 1329 2309 minantis
1346 2241 1506 2310 Gnidonis
1521 2241 1674 2331 superbus

482 2377 518 2422 ac
535 2353 680 2423 terribilis
699 2355 788 2422 furor
809 2357 921 2424 tenuit.

548 2471 625 2538 XII.
672 2471 803 2539 Interim
817 2471 975 2560 principes
985 2472 1018 2528 (⁶)
1030 2471 1187 2562 guelficate
1199 2471 1347 2540 factionis
1361 2451 1592 2562 bombardiaei
1605 2474 1675 2540 Me·

481 2586 646 2655 diolanum
670 2589 785 2668 vocati,
809 2587 842 2654 in
866 2585 937 2654 aula
959 2585 1121 2656 Gnidonis
1147 2586 1187 2655 de
1215 2587 1247 2655 la
1271 2588 1375 2656 Turre
1402 2589 1611 2670 conveniunt,
1638 2603 1673 2656 ut

481 2723 575 2792 snper
597 2721 687 2770 tanto
709 2725 815 2771 rerum
839 2721 969 2785 eventu,
992 2705 1018 2770 si
1048 2701 1178 2771 fortuna
1209 2705 1398 2786 consentiat,
1425 2703 1529 2793 aliqua
1556 2703 1672 2772 salubri

481 2817 615 2886 consilio
629 2836 771 2906 captetur
783 2819 844 2886 via.
890 2841 1003 2886 verum
1021 2817 1063 2886 ibi
1078 2817 1156 2886 nibil
1169 2839 1226 2906 pro
1240 2841 1273 2886 re
1289 2819 1405 2907 agitur,
1420 2821 1611 2908 quinimmo
1626 2816 1673 2885 di·

480 2933 704 3020 sceptantesif)
722 2933 856 3001 consilio
879 2933 1014 3023 quisque
1037 2955 1097 3002 suo
1116 2956 1150 3000 se
1169 2933 1282 3023 arguit,
1304 2935 1374 3023 plus
1393 2935 1425 3002 in
1449 2935 1557 3024 iurgiis
1575 2956 1672 3022 quarn
1702 2967 1719 3032 5

481 3045 620 3114 consiliis
643 3047 783 3136 pluribus
807 3046 918 3116 diebus
941 3067 1069 3137 ternpus
1087 3067 1203 3118 terunt.
1251 3051 1341 3117 cuius
1358 3050 1403 3116 rei
1423 3050 1545 3137 primus
1564 3067 1673 3116 auctor

481 3161 540 3231 fuit
559 3183 669 3232 comes
692 3163 855 3254 Philippus
883 3163 922 3230 de
943 3164 1172 3253 Languscotu,
1190 3165 1244 3254 qui
1267 3183 1344 3233 tunc
1368 3165 1483 3253 Papiae
1511 3165 1674 3254 regnantis

535 3369 892 3428 ieiBbquaemeximaenutea
941 3371 1178 3426 <bilibesoecenseo
1226 3371 1440 3430 (cissbpereicos
1495 3370 1673 3430 (diBbegendi

481 3451 512 3506 (e)
529 3450 571 3496 Bb
585 3451 693 3508 primores
747 3448 777 3505 (i)
792 3449 846 3494 Coei
862 3451 886 3494 in
900 3448 1097 3505 ΑαεΒὸῑΜιτ.
1108 3447 1261 3506 discrepantes

517 3627 559 3696 (t)
573 3624 634 3680 Che
646 3623 789 3680 Iioniiacio
805 3623 832 3678 di
844 3621 913 3678 Fara
926 3621 1054 3694 giuriepe
1134 3625 1177 3692 (a)
1191 3624 1204 3678 1
1219 3623 1375 3693 Langosco,
1390 3624 1418 3679 di
1432 3623 1521 3678 fronte
1536 3623 1672 3679 aibecca·

481 3711 533 3766 rito
548 3708 680 3764 milanese
692 3707 715 3763 si
729 3720 851 3764 novasse
864 3718 989 3778 presente
1000 3705 1053 3762 alle
1099 3709 1137 3763 ria
1156 3707 1308 3780 ghibellmi,
1327 3711 1524 3782 capitanavano
1543 3709 1571 3762 in
1589 3707 1673 3762 Pavia

481 3791 675 3848 dichiarazioni
685 3791 728 3846 del
739 3807 858 3846 vescovo
872 3790 1016 3846 thtardo
1026 3789 1053 3844 di
1100 3793 1125 3846 la
1140 3791 1246 3847 fazione
1259 3791 1358 3864 guelfo,
1374 3810 1419 3846 ma
1434 3791 1576 3864 FiIIppone
1591 3803 1672 3846 conte

483 3878 619 3932 Costanza
634 3894 650 3930 e
673 3875 699 3930 di
713 3873 812 3930 Siirido
831 3875 858 3930 di
872 3874 956 3931 Coira
973 3891 1054 3946 appa·
1099 3875 1126 3930 di
1142 3875 1278 3944 Lomcllo,
1292 3877 1343 3931 che
1359 3894 1405 3932 era
1420 3876 1439 3931 il
1457 3893 1528 3948 capo
1546 3875 1618 3931 della
1634 3875 1672 3930 ia·

482 3961 729 4017 riscedaldoc.x1
745 3959 845 4030 (pubbl.
857 3959 902 4014 dal
918 3959 1054 4025 Bouana,
1100 3961 1202 4032 miglis,
1220 3959 1248 4015 sn
1267 3961 1309 4016 de'
1320 3961 1401 4033 primi
1420 3978 1436 4014 a
1450 3961 1607 4016 dichiararsi
1625 3977 1672 4032 per

482 4063 526 4119 op.
544 4045 599 4113 cit,
617 4045 638 4112 1,
660 4045 705 4115 ¹5)
726 4044 778 4098 che
803 4055 924 4116 appunto
945 4042 972 4098 le
990 4059 1055 4098 con·
1099 4045 1116 4099 l’
1126 4046 1299 4116 Imperatore.
1342 4043 1386 4100 Cf.
1410 4045 1487 4100 Dmo
1515 4044 1672 4100 Commu

481 4133 562 4196 tiene,
580 4147 596 4184 e
613 4141 692 4203 porta
710 4127 737 4182 le
762 4127 823 4182 data
843 4127 930 4182 dell’8
949 4130 1054 4198 giugno
1099 4129 1126 4183 ln
1142 4129 1265 4184 edizione
1284 4129 1345 4184 Det
1366 4127 1480 4194 Iunco,
1499 4129 1617 4194 Fitcnze,
1634 4127 1673 4182 Le

485 4231 565 4286 1310:
585 4215 712 4269 «Actum
731 4215 757 4268 in
777 4211 885 4268 cisitate
905 4211 1055 4266 Mediolani
1099 4211 1234 4278 Monniet,
1268 4213 1344 4284 1879,
1369 4213 1412 4268 lib.
1447 4213 1493 4278 111,
1524 4229 1583 4285 cap.
1614 4225 1672 4266 xxx

482 4301 541 4354 «de
556 4316 637 4373 super
652 4297 782 4370 palatium
796 4294 1055 4368 Novumpresenti-
1100 4313 1115 4351 e
1146 4295 1181 4351 G.
1206 4294 1362 4364 Venturis,
1391 4297 1485 4352 Chron.
1519 4297 1573 4351 Asi.
1602 4295 1671 4349 LXI.

484 4385 557 4440 «bus
576 4385 688 4440 testibus
708 4379 813 4438 vocetis
837 4394 864 4436 et
887 4380 991 4452 rogatis
1009 4379 1056 4434 do·
1099 4379 1241 4452 Filippone
1259 4382 1400 4452 apparisce
1416 4396 1497 4434 come
1515 4379 1672 4434 testimonio

484 4471 585 4524 emino
601 4467 743 4522 Bouliacio
759 4467 792 4522 de
808 4467 876 4522 Fata
890 4465 1054 4538 iurisperito‚
1099 4463 1331 4520 nell’istrumento
1350 4464 1421 4519 delia
1433 4463 1627 4536 pacificatione
1646 4461 1672 4516 di

485 4553 623 4610 «dommo
641 4552 742 4608 Iacobo
760 4551 794 4607 de
812 4549 992 4619 blodo[e]cia‚
1008 4549 1056 4604 do·
1100 4549 1240 4614 Piacenza,
1255 4546 1288 4602 cI.
1302 4550 1329 4602 in
1345 4547 1672 4619 Bona1u1,op.cit.‚doe.

484 4636 714 4692 «mInolobanni
729 4635 849 4690 ilenrico
858 4635 892 4689 de
902 4633 997 4688 Domo
1007 4631 1055 4686 mi·
1098 4647 1125 4686 n
1146 4645 1271 4698 txxvtu3
1299 4630 1372 4686 nella
1397 4631 1533 4686 relatione
1558 4630 1610 4684 che
1635 4629 1671 4700 gli

484 4720 564 4788 «lite,
580 4719 693 4774 domiuo
707 4719 848 4775 Fredelico
863 4719 896 4774 de
913 4716 991 4772 Reno
1007 4715 1056 4772 mi·
1100 4715 1290 4772 ambasciatori
1303 4715 1445 4770 inularono
1458 4713 1491 4768 ad
1502 4714 1603 4768 Enrico
1612 4713 1672 4780 Vll,

484 4805 554 4860 «lite
567 4807 650 4859 dre».
1101 4799 1176 4872 dopo
1195 4815 1259 4854 aver
1278 4797 1417 4870 compieta
1435 4797 1462 4852 la
1480 4797 1623 4870 legacione
1644 4796 1672 4850 In
