3860 5884
584 547 626 614 72
699 568 706 579 ·
1051 547 1299 603 nrsronra

584 787 699 835 verum
723 768 826 854 ipsum
851 767 996 834 metavit
1013 785 1049 834 ut
1066 765 1204 834 hostum
1250 791 1327 836 nam
1348 769 1433 836 illico
1451 789 1576 858 reperta
1598 787 1646 837 est
1669 768 1769 858 aquila
1796 789 1828 834 ro

583 883 665 950 olim
683 881 863 972 imperialis,
875 899 910 950 ut
922 901 1013 970 puto,
1030 883 1206 950 reverentia
1224 883 1257 951 in
1276 885 1404 952 secretis
1422 883 1552 952 aedium
1565 906 1661 952 muro
1679 885 1768 974 picta,
1837 955 1844 976 ¹

583 1021 681 1088 quam
694 997 824 1087 laqueus
835 1021 937 1086 nuper
947 996 1085 1064 mrbone
1095 996 1317 1088 Iactus,stipite
1327 999 1471 1067 similiter
1481 997 1618 1066 carbone
1633 999 1769 1087 signato,

584 1137 772 1206 suspensam
783 1133 871 1182 tenet
879 1115 926 1197 (¹),
936 1137 1059 1182 vanum
1070 1137 1107 1181 ac
1117 1114 1391 1206 stolidumlopus,
1402 1135 1439 1184 ut
1448 1114 1557 1198 ferun,
1569 1115 1683 1184 famuli
1695 1115 1771 1185 Cre·

585 1229 790 1297 monensium
813 1228 993 1318 legatorum
1020 1227 1184 1296 Guelficae
1213 1229 1320 1316 partis,
1349 1231 1405 1319 qui
1427 1230 1524 1320 paulo
1546 1249 1621 1298 ante
1653 1227 1771 1296 ibidem

584 1343 727 1432 hospicio
746 1341 878 1410 fuerant.
917 1341 980 1408 boc
998 1341 1140 1430 garrulus
1155 1341 1301 1410 adulator
1318 1365 1379 1410 suo
1396 1345 1551 1412 nuncians
1569 1341 1719 1426 domino,
1739 1367 1772 1410 ac
1801 1358 1829 1422 15

582 1459 672 1528 uelut
683 1481 818 1526 saevum
829 1482 866 1526 ac
876 1457 1091 1547 periorlosum
1105 1457 1279 1526 ostendens
1293 1459 1416 1526 facinus
1428 1460 1480 1528 ille
1491 1480 1603 1527 servus
1616 1483 1772 1549 nequam:

587 1604 603 1640 c
615 1575 698 1657 vide,
713 1575 826 1664 iuquit,
837 1573 968 1642 domine
981 1573 1038 1655 mi,
1049 1572 1185 1642 GueIfici
1196 1573 1330 1662 hospitis
1342 1577 1443 1642 nostri
1453 1574 1604 1664 perfidiae
1616 1597 1774 1665 magnum

581 1691 710 1780 signum
727 1715 758 1756 s.
804 1690 868 1758 hoc
887 1687 984 1776 igitur
1001 1687 1171 1756 ridiculoso
1189 1689 1224 1742 θ)
1243 1691 1377 1758 crimine
1400 1689 1484 1780 apud
1506 1689 1686 1781 quemlibet
1709 1713 1775 1758 rna·

581 1805 784 1896 gnanimum,
796 1804 924 1892 ignarus
935 1801 1053 1890 hospes
1065 1802 1196 1892 indigne
1210 1826 1248 1870 ac
1260 1827 1357 1873 saeve
1367 1807 1401 1873 in
1416 1805 1590 1874 obsnrrum
1602 1825 1773 1896 acturpern

581 1918 769 2008 pertrahitur
786 1917 917 1984 cunetis
936 1915 1045 1984 locum
1062 1917 1117 2000 (⁶³3
1137 1917 1191 1985 ubi
1210 1916 1273 1986 hoc
1296 1920 1429 1989 crimine
1451 1921 1608 1990 innocens
1627 1921 1709 1989 civis
1728 1942 1775 1987 as-
1800 1930 1836 1976 20

581 2033 693 2100 seritur
711 2033 796 2100 vitae
814 2053 897 2099 reus.
943 2027 1087 2113 demum,
1104 2031 1293 2102 testantibus
1311 2033 1424 2102 vicinis
1446 2036 1526 2117 suis,
1541 2036 1649 2124 ipsum
1672 2034 1775 2102 bone-

581 2167 666 2216 stum
683 2149 800 2228 virum,
816 2170 876 2214 nec
890 2168 981 2214 more
995 2165 1187 2234 agnatorum
1201 2169 1334 2216 suorum
1349 2171 1493 2240 unquam
1509 2152 1647 2240 partium
1663 2147 1776 2218 studiis

581 2261 737 2343 deditum,
756 2259 969 2330 mediantibus
986 2261 1171 2350 quingentis
1188 2261 1317 2330 florenis
1333 2265 1412 2346 auri,
1427 2264 1531 2334 bonae
1546 2265 1582 2320 (¹)
1593 2265 1700 2332 famae
1717 2265 1775 2332 viri

581 2376 720 2446 donatur
739 2377 814 2444 vita.

647 2491 773 2560 XXXI.
811 2493 936 2561 Interea
948 2513 1024 2558 cum
1035 2489 1176 2580 undique
1191 2489 1314 2559 deditae
1334 2491 1428 2560 urbes
1440 2510 1536 2582 atque
1551 2492 1669 2582 oppida
1687 2493 1777 2562 festi·

581 2627 693 2677 natum
708 2609 883 2676 exercitum
895 2607 1181 2690 Mediolanensem,
1200 2609 1326 2696 magnis
1338 2606 1550 2696 apparatibus,
1566 2629 1778 2698 sequerentur

581 2747 691 2792 versus
710 2725 931 2794 Cremonense
954 2723 1146 2791 territorium
1169 2745 1236 2791 non
1260 2745 1326 2791 uno
1345 2723 1457 2792 itinere
1480 2743 1697 2814 properantes,
1717 2747 1774 2791 rex

580 2837 666 2906 illico
686 2839 884 2907 Cremonam
902 2835 1015 2920 tendit,
1038 2836 1170 2904 dimmso
1190 2835 1318 2904 Laudae
1336 2835 1372 2890 (Ι)
1394 2835 1513 2905 idoneo
1533 2837 1679 2906 subsidio
1697 2860 1776 2906 suae

578 2953 685 3044 gentis
703 2955 749 3037 (²),
767 2973 802 3024 ut
825 2953 858 3022 in
880 2951 957 3022 urbe
980 2951 1089 3020 exules
1111 2951 1343 3032 reconciliatos,
1361 2952 1416 3040 qui
1434 2951 1538 3042 longo
1562 2953 1662 3020 exilio
1685 2953 1777 3021 velut
1804 2975 1820 3040 5

579 3069 722 3138 advenae
741 3067 825 3151 facti,
844 3085 958 3136 cuncta
975 3065 1145 3156 pavebant,
1164 3082 1273 3133 mente
1297 3065 1474 3135 confirmet
1521 3090 1636 3134 verum
1652 3086 1688 3136 ut
1710 3069 1777 3136 sint

579 3187 711 3256 tutiores
735 3185 914 3254 Antonium
938 3181 977 3250 de
1000 3182 1148 3271 Fixiraga
1169 3199 1202 3248 et
1223 3181 1391 3271 plerosque
1414 3203 1490 3250 suae
1513 3181 1664 3250 factionis
1688 3183 1777 3272 prin·

579 3301 675 3392 cipes,
694 3300 780 3369 velut
798 3297 858 3367 sibi
883 3320 984 3380 caros,
1003 3319 1038 3364 ac
1057 3294 1191 3364 consilio
1214 3317 1273 3364 suo
1297 3297 1342 3363 uti
1360 3295 1485 3378 volens,
1505 3293 1637 3363 ubilibet
1661 3317 1774 3365 secum

580 3437 648 3484 esse
668 3413 764 3482 iubet.
811 3410 887 3502 quid
899 3411 1004 3499 itaque
1018 3409 1200 3477 Cremonae
1210 3425 1317 3475 actum
1331 3407 1373 3475 sit
1387 3405 1543 3475 disseram
1554 3407 1601 3474 (fl.
1648 3431 1778 3489 verum,

580 3531 763 3620 priusquam
779 3527 909 3596 ulterius
923 3525 1107 3615 procedam,
1124 3522 1220 3612 ipsius
1236 3522 1371 3592 civitatis
1388 3525 1536 3592 miseram
1552 3522 1777 3593 conditionem
1810 3545 1845 3594 ιο

580 3645 688 3734 paucis
707 3638 936 3734 exponendum
954 3657 1044 3729 puto.

648 3757 791 3825 XXXII.
838 3755 877 3824 In
897 3755 1071 3836 Cremona,
1082 3753 1203 3822 cunctis
1222 3751 1389 3822 Gibellinis
1408 3750 1488 3819 olim
1503 3752 1612 3842 pulsis,
1628 3751 1777 3822 Guelfica

581 3871 724 3964 potentia
742 3869 823 3940 adeo
838 3869 1012 3958 senuerat‚l
1027 3887 1062 3936 ut
1080 3890 1183 3937 novae
1202 3885 1316 3956 partes,
1329 3866 1448 3936 invidia
1461 3867 1619 3956 prosperis
1634 3890 1671 3935 ac
1687 3866 1778 3936 laetis

581 3984 675 4054 rebus
694 4003 773 4068 orta,
788 3984 853 4050 iam
872 3982 1022 4051 maximis
1040 3981 1122 4051 odiis
1139 3979 1338 4070 pullularent.
1385 4001 1460 4048 nam
1484 4003 1558 4049 cum
1582 3979 1705 4048 multae
1724 4007 1778 4050 su-

636 4209 667 4260 (a)
683 4205 723 4252 Bb
737 4205 830 4264 signato,
844 4205 923 4262 laqum
937 4207 1033 4249 carbone
1047 4203 1108 4260 pitto
1122 4201 1217 4259 turpiter
1230 4199 1331 4260 pendens
1347 4198 1440 4246 huonis
1453 4213 1523 4252 more,
1538 4213 1621 4246 tanum
1683 4201 1719 4258 (b)
1736 4201 1778 4248 Bb

581 4287 677 4334 ridiculo
744 4287 774 4341 (c)
790 4286 831 4329 Aa
845 4283 981 4340 protrahitur
990 4283 1064 4326 lacurn
1131 4278 1415 4338 (dleflorenir,bonae
1479 4281 1510 4335 (e)
1526 4277 1687 4326 Bbsubtidlo
1703 4279 1780 4339 gentis

582 4367 613 4424 (lt
625 4366 668 4414 Bo
681 4373 757 4412 actum
773 4363 803 4410 rit
817 4363 934 4408 arueram.
963 4360 1061 4408 mll-
1090 4362 1116 4406 ln
1134 4360 1246 4406 omum

621 4567 664 4634 (ι)
684 4565 752 4620 «De
772 4563 864 4620 Laude
888 4561 977 4616 audivi
1003 4559 1076 4632 quod
1096 4561 1160 4614 Cre·
1204 4577 1219 4606 c
1232 4555 1454 4631 aliudn'tsiquod
1462 4559 1781 4632 mandatitl'ergamen·

589 4669 602 4696 ι
614 4662 689 4700 nram
707 4647 763 4712 ivit,
782 4659 809 4702 et
833 4645 980 4700 Introduxit
1006 4658 1100 4696 secum
1119 4657 1161 4694 ex·
1205 4659 1220 4690 r
1231 4639 1312 4705 sibus,
1321 4641 1394 4712 quod
1410 4643 1533 4698 venirent
1550 4643 1584 4697 ad
1600 4661 1674 4710 eum,
1687 4657 1716 4699 et
1728 4645 1781 4717 ipsi

587 4727 714 4802 «pulsos,
738 4741 765 4782 et
783 4729 822 4782 eir
840 4727 959 4798 pepercit
977 4725 1005 4780 in
1025 4723 1160 4786 omnibus,
1206 4743 1220 4772 α
1231 4733 1296 4775 tune
1311 4725 1403 4780 venite
1421 4727 1605 4782 noluerunt».
1631 4727 1700 4782 Cost
1713 4729 1780 4784 Nic„

587 4827 667 4866 enee
683 4808 801 4864 intellexi
816 4807 889 4882 quod
903 4807 1004 4880 aIIquId
1020 4805 1056 4860 ibi
1067 4803 1161 4859 lecerit
1206 4804 1294 4858 Bon.
1307 4805 1369 4878 899.
