3860 5890
511 513 572 578 118
982 527 1230 585 HISTORIA

507 749 590 832 stris,
613 748 669 816 sed
693 765 806 815 cuncta
836 769 988 837 prospera
1019 747 1112 816 nobis
1145 746 1292 818 cedent»
1312 747 1357 816 (¹).
1403 768 1477 839 post
1499 771 1620 840 paucos
1638 749 1703 820 dies

508 861 610 930 dictus
633 865 742 952 Aymo
765 862 864 930 tribus
883 861 1023 930 millibus
1041 862 1171 932 florenis
1194 863 1378 954 redemptus
1401 881 1459 933 est.
1732 902 1779 969 30

572 980 691 1046 LVIII.
738 979 785 1046 Eo
803 996 959 1068 tempore,
976 977 1055 1046 dum
1069 977 1198 1047 fortuna
1212 978 1326 1069 probat
1344 980 1428 1048 vires
1451 1003 1535 1062 suas,
1554 977 1704 1046 mirabilis

509 1113 618 1183 pugna
641 1092 836 1182 inpartibus
859 1091 919 1160 illis
943 1093 1116 1160 commissa
1146 1113 1204 1177 est,
1229 1094 1281 1162 ubi
1301 1096 1442 1186 paucitas
1466 1093 1705 1163 multitudinem

457 1279 461 1285 ,
509 1209 648 1278 militum
684 1208 854 1300 superavit.
901 1211 1034 1278 trecenti
1060 1233 1200 1300 namque
1231 1209 1408 1280 Florentini
1442 1235 1517 1280 cum
1546 1209 1705 1301 peditibus

509 1347 606 1414 prope
622 1345 733 1392 mccc.
754 1323 793 1392 de
805 1323 960 1394 Vulterris
980 1327 1146 1394 venientes
1162 1324 1398 1420 Gibellinorum
1417 1328 1561 1416 equiturn
1572 1349 1704 1416 parvam

509 1440 635 1509 turbam
649 1463 759 1508 versus
774 1441 808 1508 S.
826 1441 1018 1510 Cassianum
1035 1441 1222 1511 tendentem
1237 1461 1383 1524 cernunt,
1395 1465 1476 1531 quos
1489 1439 1575 1510 haud
1587 1462 1706 1512 temere
1736 1477 1752 1542 5

510 1578 577 1623 non
596 1555 677 1624 ultra
704 1577 766 1624 rx.
789 1557 1021 1626 existimarunt.
1067 1576 1156 1626 erant
1178 1558 1266 1626 enim
1286 1555 1484 1628 Theutonici
1508 1579 1571 1626 mr..
1591 1577 1624 1626 et
1638 1577 1704 1626 .x11.

510 1671 618 1739 exules
633 1672 821 1754 Florentini,
836 1693 928 1762 quos,
946 1672 1000 1740 ubi
1012 1673 1277 1764 propinquarunt,
1290 1673 1325 1741 in
1340 1695 1398 1742 eos
1413 1673 1571 1763 paucitate
1585 1692 1706 1763 spretos

511 1787 654 1854 maximo
669 1786 810 1855 clamore
830 1787 941 1856 laxatis
959 1785 1074 1856 fraenis
1092 1807 1231 1858 currunt.
1278 1789 1399 1871 exules,
1422 1789 1522 1858 tribus
1542 1789 1707 1858 dumtaxat

512 1905 663 1992 exceptis,
684 1903 915 1971 incursantium
935 1901 1138 1972 multitudine
1161 1903 1328 1993 pavefacti,
1347 1906 1497 1974 timentes
1516 1905 1612 1972 etiam
1635 1925 1707 1994 pro-

511 2019 692 2108 scriptionis
711 2041 862 2107 poenam,
881 2019 982 2088 citatis
1005 2020 1095 2110 equis
1117 2018 1204 2087 illico
1227 2038 1317 2108 terga
1340 2018 1463 2102 dantes,
1481 2021 1588 2088 socios
1602 2021 1635 2087 in
1659 2016 1702 2086 di·
1741 2053 1781 2100 10

512 2135 663 2202 scrimine
686 2135 795 2202 martis
825 2133 983 2223 linquunt.
1030 2133 1128 2202 atilli
1161 2135 1193 2201 in
1223 2132 1361 2204 dexteris
1384 2151 1416 2202 et
1449 2133 1517 2202 sola
1545 2155 1706 2202 armorum

513 2272 568 2338 spe
592 2247 653 2330 fisi,
684 2271 751 2316 non
781 2246 881 2316 modo
912 2249 1109 2318 incursantes
1135 2248 1243 2318 hostes
1267 2251 1422 2318 sustinere
1445 2267 1566 2338 parant,
1594 2271 1707 2316 vemm

513 2364 620 2450 etiarn,
651 2364 761 2430 stricto
788 2363 917 2452 agmine
941 2362 1037 2446 facto,
1055 2386 1120 2432 una
1148 2365 1181 2432 in
1206 2364 1314 2434 hostes
1333 2364 1477 2436 fulminis
1504 2387 1594 2432 more
1613 2383 1709 2433 ruunt

513 2501 633 2569 eosque
646 2477 798 2546 dirimunt
810 2499 904 2567 atque
915 2477 1064 2548 fundunt.
1097 2481 1315 2568 ignominiosa
1325 2480 1548 2571 Guelphotum
1564 2482 1708 2572 equitum

512 2595 605 2665 turba
623 2596 727 2684 primo
750 2596 872 2684 impetu
892 2596 1015 2664 turbata
1037 2596 1072 2663 in
1090 2596 1201 2687 fugam
1230 2597 1302 2680 ruit,
1326 2619 1464 2688 quorum
1488 2599 1630 2686 quinque
1649 2619 1707 2664 no·
1741 2629 1778 2694 ¹5

513 2709 591 2778 biles
607 2709 787 2778 Florentiae
808 2711 903 2791 cives,
923 2709 1066 2778 hostium
1084 2712 1242 2800 impetum
1258 2711 1414 2782 sustinere
1434 2711 1590 2794 volentes,
1610 2710 1707 2780 hosti-

513 2825 596 2892 libus
620 2824 732 2915 gladiis
755 2827 838 2892 caesi
866 2843 950 2894 sunt.
997 2825 1075 2894 alter
1103 2827 1237 2895 nomine
1261 2826 1484 2918 Zampoglone
1514 2824 1554 2894 de
1585 2827 1708 2894 Corna-

513 2942 626 3031 quin0,
638 2939 781 3008 hostibus
799 2963 869 3008 sese
883 2939 1014 3024 dedens,
1035 2940 1163 3010 deiectis
1183 2943 1278 3010 armis
1297 2944 1427 3032 capitur.
1474 2941 1589 3009 caeteri
1609 2941 1707 3010 citatis

514 3057 604 3146 equis
630 3055 770 3146 fugiunt.
831 3075 1000 3124 onerantes
1031 3056 1197 3124 Theutoni
1229 3058 1395 3147 captivos,
1426 3079 1527 3146 equos
1556 3075 1588 3125 et
1617 3077 1704 3124 arma

515 3190 609 3262 atque
628 3171 688 3240 alia
711 3195 876 3242 caesorum
895 3172 998 3262 spolia
1021 3190 1219 3241 ostentantes
1237 3174 1271 3240 in
1295 3191 1395 3242 castra
1413 3171 1548 3241 redeunt
1561 3171 1606 3238 (¹).
1634 3167 1643 3182 ”
1738 3207 1783 3255 20

581 3291 668 3360 LIX.
704 3292 774 3359 Iam
788 3290 823 3346 (⁸)
838 3289 953 3358 stolida
971 3313 1051 3380 gens
1067 3290 1270 3373 Germaniae,
1285 3309 1396 3360 natura
1416 3289 1553 3358 nimium
1571 3285 1704 3377 praedae

515 3406 607 3475 avida
626 3429 663 3475 ac
681 3406 865 3496 discipliuae
884 3405 1027 3475 militaris
1044 3408 1164 3496 ignara,
1183 3406 1238 3474 ulli
1262 3407 1435 3476 hominum
1449 3427 1576 3495 parcere
1592 3403 1709 3484 nescia,

514 3522 593 3591 dum
617 3523 736 3590 vicinas
760 3521 849 3590 villas
872 3540 965 3612 atque
989 3545 1126 3612 magnos
1150 3523 1249 3606 vicos,
1273 3545 1356 3612 quos
1385 3520 1579 3611 superabiles
1601 3543 1708 3610 pugna

514 3639 641 3728 reperit,
664 3641 760 3708 etiam
789 3657 918 3728 pacatos
938 3657 1031 3729 atque
1055 3637 1180 3707 deditos
1204 3638 1319 3729 spoliat
1341 3657 1373 3706 et
1392 3637 1479 3728 quod
1502 3636 1638 3727 praedae
1657 3657 1707 3704 su·

515 3773 621 3843 petest
643 3751 793 3822 incendio
816 3755 919 3844 ponit,
937 3754 998 3822 late
1019 3775 1137 3823 vacuos
1157 3754 1298 3845 undique
1321 3753 1493 3823 cultoribus
1512 3773 1606 3842 agros
1625 3749 1708 3820 fecit.
1740 3786 1758 3850 5

517 3869 606 3937 cuius
625 3869 670 3936 rei
686 3892 779 3937 causa
802 3869 946 3939 victualis
964 3871 1097 3960 penuria
1116 3869 1196 3940 adeo
1213 3872 1246 3938 in
1265 3869 1405 3938 exercitu
1425 3867 1624 3958 imperatoris
1644 3889 1709 3935 cre-

516 3985 572 4068 vit,
592 3983 680 4074 quod
703 3983 811 4054 locum
836 3987 943 4055 castris
967 4003 1089 4054 mutare
1112 4005 1241 4056 coactus
1267 4003 1325 4054 est.
1371 3985 1477 4074 itaque
1501 3983 1626 4051 Montis
1646 3984 1710 4051 Bo·

516 4100 577 4166 nizi
589 4100 722 4168 nomine
741 4121 779 4168 ac
798 4099 967 4170 moenibus
980 4101 1152 4184 renovatis,
1168 4103 1250 4169 circa
1268 4101 1394 4169 initium
1413 4099 1507 4182 veris,
1528 4096 1603 4166 inde
1618 4097 1709 4166 Pisas

568 4321 604 4378 (a)
617 4320 668 4380 Bb,
684 4321 743 4368 liar.
758 4333 809 4366 nam

551 4509 595 4580 (t)
618 4507 660 4564 cf.
694 4519 788 4582 questa
821 4511 949 4564 oratione
979 4525 1030 4566 con
1064 4510 1092 4565 la
1136 4509 1217 4565 crede
1244 4521 1381 4566 avvenuta
1400 4523 1494 4584 presso
1515 4507 1544 4564 S.
1562 4507 1713 4576 Cassiano,

517 4592 730 4649 Exhortatio
754 4594 922 4650 Caesaris
941 4594 980 4648 ad
1000 4611 1090 4650 com·
1136 4611 1189 4650 con
1214 4597 1362 4668 rantaggio
1392 4593 1466 4666 degli
1492 4593 1637 4666 imperiali,
1655 4609 1712 4646 non

517 4679 703 4736 militones
729 4680 757 4736 di
784 4680 852 4735 Ata.
874 4681 1023 4746 Massam,
1041 4680 1090 4745 XI,
1135 4693 1215 4735 trovo
1234 4698 1323 4736 centro
1342 4683 1376 4735 ne
1395 4681 1423 4736 in
1438 4679 1501 4738 Alb.
1526 4679 1659 4746 Mussato,
1677 4681 1712 4732 ne

517 4761 588 4816 rubr.
608 4775 668 4818 t'tn.
1134 4764 1181 4820 nel
1196 4765 1310 4822 Villanl.

552 4847 594 4918 (2)
614 4845 649 4900 Di
668 4845 722 4901 tale
740 4847 936 4914 scaramuccia,
955 4847 1007 4904 che
1022 4847 1041 4902 'tl
1057 4847 1091 4904 C.
