3860 5884
647 604 674 660 1.
701 603 760 660 ns
789 601 1104 660 ostensurus.
1425 607 1467 675 77

284 827 396 898 caeteri
420 827 554 918 ligures
581 845 613 896 et
632 823 805 895 Lombardi
823 823 967 918 [moniti]
995 845 1076 915 quos
1099 822 1142 892 ibi
1164 843 1329 915 expectare
1358 825 1472 910 voluit,

283 944 466 1033 priusquam
489 965 598 1012 versus
618 941 757 1011 Brixiam
776 960 906 1010 moveat
923 941 982 1012 iter
1003 963 1099 1010 suum
1117 941 1162 1010 (⁸).
1207 941 1347 1031 primum
1366 943 1471 1032 itaque

284 1057 435 1129 mutilatis
453 1059 549 1128 edam
560 1059 782 1128 innocentium
799 1057 919 1128 civium
934 1057 1071 1128 turribus
1090 1077 1122 1128 et
1133 1058 1303 1128 moenibus
1321 1059 1407 1130 urbis
1426 1059 1473 1128 di·

284 1177 371 1257 mtis,
384 1174 566 1242 communis
578 1173 759 1244 rebellionis
773 1195 879 1264 poena
888 1172 1057 1263 solvitur}
1078 1173 1142 1242 iam
1158 1173 1286 1244 omissis
1301 1173 1472 1259 veteribus,

217 1315 256 1382 15
284 1311 370 1358 nova
388 1287 530 1378 fergicivis
558 1287 832 1360 Cremonensibus
850 1287 1029 1378 allegantur
1053 1287 1197 1372 crimina,
1219 1311 1312 1380 quae,
1336 1289 1473 1379 impen'o

284 1406 369 1496 regis
387 1423 494 1496 spreto
511 1403 558 1488 Φ),
582 1423 692 1474 contra
714 1403 937 1474 reconciliatos
956 1427 974 1470 a
997 1427 1031 1472 se
1051 1404 1160 1474 exules
1184 1405 1357 1472 commissa
1380 1425 1473 1488 sunt;

284 1541 351 1610 quo
373 1517 409 1588 fit
427 1537 464 1588 ut
486 1517 608 1588 fscilius
636 1521 822 1609 impetretur
845 1521 1031 1587 iniuriarum
1054 1517 1179 1588 licentia
1201 1537 1311 1588 contra
1334 1544 1391 1589 eos
1416 1521 1471 1611 qui

286 1653 434 1724 apparere
463 1655 530 1702 non
553 1633 671 1704 audent
683 1633 728 1702 (θ.
787 1655 862 1702 nam
886 1630 1022 1702 Iacobus
1050 1631 1091 1700 de
1120 1631 1319 1718 Radenasco,
1341 1651 1373 1702 et
1396 1657 1472 1704 cum

286 1771 326 1818 eo
341 1749 432 1840 pauci
450 1749 505 1840 qui
522 1748 662 1839 patribus
682 1767 775 1840 atque
794 1749 862 1816 avis
881 1747 1011 1838 antiqua
1031 1745 1191 1818 seditione
1210 1747 1375 1818 Cremona
1393 1749 1472 1818 olim

214 1889 260 1940 20
285 1864 394 1954 pulsis,
425 1883 461 1932 ut
490 1861 644 1948 diximus,
668 1863 700 1932 in
723 1863 820 1931 exilio
849 1863 914 1931 nati
938 1881 1036 1946 erant,
1067 1860 1224 1932 beneficio
1255 1863 1340 1954 regis
1371 1885 1474 1954 nuper

285 1977 414 2066 recepti,
440 1975 566 2060 deinde,
584 1977 677 2066 pulso
696 1974 847 2046 Gnidone
868 1973 909 2044 de
927 1975 956 2043 la
979 1975 1084 2044 Turre
1105 1975 1139 2044 in
1163 1975 1355 2045 Lombardia
1373 1975 1473 2046 Guel-

285 2089 363 2160 licne
380 2093 475 2183 partis
492 2092 643 2183 principe,
661 2092 747 2160 iratis
768 2089 843 2160 inde
863 2089 1137 2160 Cremonensibus
1159 2089 1294 2176 Guelfis,
1313 2089 1472 2162 vindictae

287 2229 380 2276 causa
398 2209 444 2293 (⁴),
471 2209 560 2298 quasi
591 2229 658 2278 nou
689 2209 758 2278 sine
785 2207 898 2276 iniuria
930 2209 1023 2298 regis,
1046 2207 1140 2298 pulsi,
1162 2229 1274 2298 regem
1303 2207 1409 2298 ipsum
1433 2231 1473 2278 eo

286 2323 355 2413 ipso
377 2323 513 2396 ferocius
539 2325 747 2394 exhortantur
770 2325 803 2393 in
826 2323 922 2414 ipsos,
941 2323 1098 2418 fiuntque,
1124 2341 1160 2392 ut
1181 2345 1276 2414 saepe
1295 2323 1474 2410 accidire),

213 2467 234 2515 a
239 2467 256 2534 5
286 2439 426 2531 plerique
446 2442 647 2524 innocentes,
665 2439 806 2510 absentia
829 2461 896 2509 non
915 2436 1038 2523 dolosa,
1054 2461 1159 2508 novae
1177 2439 1344 2510 seditionis
1362 2459 1472 2510 aucto·

286 2577 344 2626 res
408 2557 531 2626 laxatur
552 2559 658 2648 itaque
681 2559 817 2628 nimium
841 2555 923 2626 odiis
954 2578 1068 2627 manus
1092 2579 1128 2626 ac
1158 2554 1318 2626 vindictae
1340 2557 1351 2648 Ι
1373 2558 1473 2626 nimia

285 2669 409 2740 libertas
432 2667 524 2740 datur
540 2671 585 2740 (¹).
637 2672 857 2740 innocentium
880 2671 977 2740 etiam
1007 2669 1124 2740 domus
1146 2669 1333 2762 spoliannrr,
1354 2671 1472 2762 quippe

287 2781 389 2866 falsas,
408 2807 468 2854 nec
490 2783 580 2854 deest
597 2787 736 2868 occasio,
752 2783 846 2874 fingit
866 2783 1077 2874 irnspraedo.
1122 2781 1253 2854 tandem
1277 2802 1372 2876 atque
1386 2785 1472 2854 illico

286 2901 416 2991 quilibet
437 2925 573 2993 sequens
597 2921 697 2972 castra
719 2902 824 2986 miles,
846 2921 968 2984 natura,
989 2901 1124 2993 praedae
1141 2901 1177 2958 (¹)
1201 2903 1323 2986 avidus,
1349 2903 1473 2972 indiffe-

338 3069 370 3126 (a)
384 3069 426 3114 Bb
441 3067 629 3116 muunvm
641 3068 718 3114 tendet
772 3068 804 3124 (b)
818 3067 860 3114 Aa
873 3073 963 3125 sumpto
1003 3067 1175 3122 (claucotttra
1188 3065 1258 3125 ipsos.
1285 3079 1337 3112 narn
1378 3069 1412 3126 <dl
1430 3069 1473 3116 m

285 3147 422 3202 mul
431 3147 544 3194 Gnidonia
553 3147 658 3194 iniuriam
672 3147 831 3194 uciaentilm
882 3149 914 3204 (c)
928 3147 972 3193 Bt
984 3147 1132 3194 abutuntur
1144 3145 1168 3192 lc
1181 3145 1300 3206 quodue,
1314 3147 1375 3194 sicut
1384 3149 1472 3206 volunt,

287 3225 433 3286 temer
446 3239 513 3286 m
527 3227 552 3274 ⁶¹
605 3227 635 3286 (n
650 3227 789 3286 ΝΜ

321 3363 755 3436 (t)CoslilFmero,loc.citr
772 3363 859 3419 «Trl-
902 3361 1043 3420 consume
1074 3364 1146 3420 delle
1174 3363 1317 3421 condense
1346 3365 1399 3421 che
1428 3367 1473 3441 gil
1551 3435 1555 3444 1

289 3449 394 3504 abml
412 3448 600 3506 conscendens
617 3449 700 3520 (rer),
721 3449 858 3506 amantis
902 3465 1008 3504 arcano
1026 3449 1129 3522 colpito
1144 3447 1237 3506 Guido
1255 3449 1329 3505 della
1349 3447 1439 3505 Torre
1458 3467 1474 3506 e

288 3553 302 3582 ι
314 3533 347 3588 ad
365 3549 394 3588 sc
412 3532 464 3600 his,
491 3549 560 3606 quoe
587 3533 681 3606 legum
708 3533 812 3606 rigores
831 3545 859 3588 et
902 3531 1102 3590 Franceschioo
1125 3551 1141 3590 c
1164 3534 1310 3590 Simouino
1328 3533 1389 3590 suoi
1407 3533 1473 3608 ligii.

288 3618 370 3672 «iura
387 3633 469 3672 nosse
487 3619 638 3687 constabat,
656 3617 858 3674 Cremonenses
904 3619 997 3674 «Lan
1023 3631 1051 3674 et
1072 3619 1251 3694 pronunciata
1268 3617 1319 3674 luit
1337 3618 1474 3692 praedicta

287 3700 385 3756 «laese
397 3701 545 3759 maiestatis
558 3717 621 3758 reos
630 3701 789 3774 dijudicans,
798 3717 858 3756 mu·
904 3703 1069 3770 «sententia,
1087 3715 1114 3760 et
1128 3719 1161 3758 ea
1177 3719 1248 3777 quse
1266 3701 1294 3758 in
1314 3701 1373 3776 ipsa
1391 3702 1476 3760 conti·

286 3805 302 3834 e
311 3801 356 3840 ros
370 3785 537 3860 civitatisque
548 3786 663 3843 huiusce
676 3787 787 3844 moenia
800 3785 862 3844 luat·
905 3801 1035 3856 encntur,
1050 3799 1078 3844 ct
1094 3786 1182 3845 iactae
1203 3789 1473 3862 condempnationes,

288 3869 382 3924 editus
400 3868 604 3943 prosternenda,
619 3871 738 3928 bonores
764 3883 792 3926 et
806 3871 858 3944 prl-
905 3893 920 3924 ι
931 3885 1011 3946 prout
1018 3871 1142 3946 superius
1151 3871 1312 3940 continetur,
1325 3889 1373 3946 pet
1383 3871 1474 3946 ipsum

286 3953 409 4028 «vilegia
424 3971 548 4028 quaeque
565 3954 599 4010 ab
620 3955 688 4011 olim
706 3955 811 4011 indulta
828 3955 857 4011 ln
903 3955 1071 4012 «dominum
1095 3971 1189 4028 regem
1213 3973 1264 4030 pro
1291 3955 1418 4012 tribunali
1435 3971 1475 4012 se·

287 4037 415 4094 «irrim
430 4039 674 4096 revocariiussit».
701 4039 756 4096 cto
770 4043 786 4094 e
801 4041 857 4112 ple·
903 4041 1038 4096 «dentem
1057 4039 1085 4096 in
1102 4057 1153 4095 suo
1172 4039 1273 4114 palatio
1287 4039 1387 4096 maiori
1405 4039 1473 4096 Cre-

285 4137 412 4178 namcnte
431 4123 601 4180 confemato
619 4123 691 4180 dalla
710 4123 857 4180 Senten·
902 4140 1036 4192 «monae,
1068 4135 1131 4180 ante
1163 4123 1297 4180 maiorem
1326 4121 1472 4180 ecclesiam

285 4207 335 4264 tia
352 4225 441 4282 quae
460 4209 498 4264 ab
517 4209 672 4266 ilenrico
690 4207 753 4264 v11
776 4209 802 4264 d.
824 4225 857 4268 to
900 4209 1015 4266 edictae
1034 4209 1157 4276 cidaris
1176 4221 1203 4264 et
1217 4221 1358 4282 praesente
1370 4208 1473 4283 populo

286 4291 367 4347 mail
405 4307 485 4366 tptt
530 4305 653 4350 contra
693 4293 857 4350 homines
903 4291 1474 4368 «civitatispraeclictaclblinplatcmt

287 4375 546 4434 Cremonenses
570 4391 604 4434 et
628 4391 749 4434 contra
776 4378 858 4434 Gui·
903 4379 1111 4451 «praesentibus
1129 4379 1241 4436 testibus
1259 4377 1373 4432 domino
1397 4376 1473 4432 Wal-

286 4459 408 4517 donem
433 4463 473 4516 de
499 4462 525 4518 ln
553 4461 665 4519 Turre
693 4463 763 4518 lata
795 4477 857 4520 est.
903 4463 1054 4520 «lerandro
1081 4465 1140 4536 (ric)
1167 4461 1248 4518 fratre
1274 4462 1340 4516 dicti
1367 4459 1472 4516 domini

287 4543 331 4600 Ci.
349 4547 376 4600 in
391 4547 639 4614 Demittendus,
655 4547 689 4614 n,
705 4547 781 4614 true
795 4562 855 4620 ἐς.
904 4548 1007 4620 «regis,
1025 4547 1139 4602 domino
1157 4545 1284 4602 Amadeo
1305 4545 1408 4600 comite
1427 4543 1474 4600 Sa·

287 4627 317 4682 ln
331 4641 426 4702 questo
438 4629 606 4686 documento
621 4629 648 4686 la
664 4632 807 4686 condamus
823 4631 858 4685 al·
903 4629 1051 4698 chrodine,
1061 4631 1174 4687 domino
1193 4629 1315 4686 Iohanne
1332 4627 1424 4685 iacobi
1438 4627 1473 4684 de

286 4711 451 4769 l'lnlamiae
467 4714 521 4770 alla
536 4713 786 4770 consecrassent
801 4732 860 4771 nto·
903 4716 1018 4772 «Roma
1036 4728 1063 4771 et
1081 4715 1194 4771 domino
1212 4713 1350 4770 Palmetio
1374 4715 1408 4770 de
1427 4713 1473 4769 At·

286 4795 333 4852 bill
351 4815 367 4854 e
381 4798 515 4854 immobili
531 4799 650 4872 colpisce
668 4799 702 4854 da
722 4799 793 4856 circa
816 4813 858 4856 ot·
903 4823 917 4852 ι
928 4801 1020 4857 coritis
1032 4799 1067 4856 de
1081 4799 1218 4856 fintenus
1232 4801 1281 4856 dcc.
1293 4819 1318 4856 ι.

286 4893 360 4938 tenta
372 4883 511 4952 clttadiui;
525 4885 552 4940 vi
566 4883 590 4940 si
604 4883 705 4940 rimosa
724 4885 812 4941 nncbe
831 4885 858 4942 la
