3860 5884
545 473 589 541 60
965 527 978 550 J
1016 483 1262 543 HISTORIA

544 709 646 779 fidelis
665 709 784 791 militis,
803 733 936 779 omnem
960 709 1129 800 periculosi
1155 708 1297 799 corporis
1320 707 1430 776 locum
1448 707 1561 790 vitans,
1580 707 1724 776 innocens

544 827 625 895 rexit
642 824 771 896 sermm.
818 825 957 916 pluribus
976 829 1092 916 itaque,
1118 827 1173 916 qui
1199 823 1355 907 viderant,
1373 823 1582 894 asserentibus
1609 822 1725 892 salvum

544 940 672 1026 ducem,
691 967 754 1012 una
774 937 888 1011 omnes
903 941 976 1010 laeti
999 941 1040 1011 ad
1058 941 1184 1011 Veteris
1202 939 1310 1030 pontis
1328 939 1437 1008 locum
1457 939 1591 1008 veniunt
1600 935 1645 1007 (Ι).
1686 937 1726 1006 ibi
1750 943 1784 1010 80

544 1057 647 1127 Creso
666 1057 823 1126 Crivellus
842 1056 978 1146 antiquis
997 1074 1029 1125 et
1048 1057 1141 1124 novis
1155 1053 1386 1124 offensionibus
1405 1073 1438 1124 et
1455 1053 1577 1122 iniuriis
1592 1051 1726 1122 turbidus

543 1195 580 1240 ac
597 1173 715 1261 patriae
734 1170 837 1240 caedis
863 1193 931 1240 non
949 1172 1133 1254 immemor,
1152 1191 1249 1261 quern
1268 1169 1445 1239 Turrianus
1468 1168 1591 1258 gladius
1609 1189 1727 1258 percus-

543 1304 625 1355 serat
637 1285 677 1354 ad
689 1286 810 1356 flumen
823 1289 961 1369 Guasae‚
974 1286 1083 1357 multis
1096 1285 1314 1370 referentibus,
1328 1285 1480 1354 confusos
1493 1282 1626 1354 Guelfos
1641 1301 1728 1372 atque

543 1403 721 1472 Turrianos
739 1405 845 1472 Vastis
864 1405 967 1472 victos
986 1402 1054 1472 fore
1072 1404 1212 1494 percipit.
1259 1401 1347 1492 quod
1362 1401 1480 1472 Galeaz
1498 1420 1531 1470 et
1553 1399 1728 1470 Theutonis

542 1543 652 1590 secum
661 1518 865 1590 redeuntibus
876 1521 1017 1604 nunciat,
1031 1520 1092 1589 alta
1106 1543 1187 1588 voce
1199 1517 1393 1588 vociferans:
1410 1517 1605 1588 «delendam
1619 1515 1728 1606 ubique
1753 1517 1784 1602 85

541 1634 716 1726 perurbem
724 1635 903 1706 Guelficanr
915 1655 1047 1726 gentem
1059 1658 1217 1705 censeor.
1253 1631 1728 1704 cuiusvocemlaudaanheu·

539 1753 611 1820 toni
634 1775 670 1820 ac
693 1749 798 1821 nudos
821 1770 1020 1821 ostentantes
1041 1749 1184 1842 gladios:
1213 1751 1348 1834 «sinite,
1366 1751 1527 1840 inquiunt,
1552 1748 1601 1816 his
1624 1747 1729 1838 gladiis

540 1869 657 1937 utiliter
668 1869 677 1960 l
687 1891 757 1938 rem
769 1887 906 1938 vestram
922 1870 989 1958 geri
997 1893 1007 1952 ;
1022 1887 1057 1938 ut
1068 1869 1169 1938 securi
1180 1869 1213 1935 in
1227 1867 1303 1936 urbe
1313 1888 1441 1958 semper
1451 1865 1529 1948 sitis,
1543 1861 1729 1956 provideatis

539 1983 640 2052 semel
654 1985 746 2054 vobis
755 2009 786 2053 a.
823 2004 894 2052 turn
906 1982 1111 2053 barbatorum
1124 1981 1245 2052 dictum
1261 1984 1366 2052 cuncti
1378 1981 1523 2073 probant,
1541 2000 1574 2051 et
1581 1980 1616 2038 (²)
1630 1977 1730 2050 stolidi

539 2101 625 2168 cives
640 2101 750 2168 nostri.
797 2099 884 2170 solus
903 2101 936 2168 in
950 2123 988 2168 ea
997 2100 1089 2168 turba
1100 2101 1280 2190 principum
1294 2098 1402 2166 iunior
1418 2096 1544 2180 Galeaz,
1564 2097 1625 2165 Dei
1640 2113 1730 2184 atque
1754 2113 1788 2180 90

539 2214 722 2298 hominum,
740 2239 778 2285 ea
796 2215 858 2299 die,
877 2239 1005 2286 memor
1023 2216 1120 2285 fuisse
1139 2216 1274 2286 videtur.
1317 2239 1392 2284 nam
1411 2216 1565 2306 primum,
1586 2235 1730 2283 sermone

538 2329 657 2398 blando
676 2329 850 2420 alloquens,
868 2331 1021 2401 Cresonis
1040 2333 1120 2400 iram
1139 2331 1274 2421 mitigat.
1316 2328 1442 2416 deinde,
1462 2331 1587 2400 cunam
1606 2327 1731 2397 audien-

538 2445 643 2514 tibus:
678 2446 808 2529 alocus,
827 2447 942 2537 inquit,
966 2448 1147 2517 certaminis
1170 2465 1243 2516 ante
1267 2447 1377 2514 omnia
1399 2446 1577 2516 visitandus
1593 2464 1658 2516 est:
1690 2443 1731 2512 ibi

536 2561 624 2651 quod
642 2562 771 2653 periculi
784 2581 877 2653 atque
894 2562 1037 2654 ambigui
1049 2581 1107 2648 est,
1124 2563 1164 2633 de
1183 2561 1292 2632 medio
1304 2561 1495 2646 tollendum,
1511 2585 1549 2630 ac
1567 2559 1730 2630 seditionis

537 2675 646 2760 duces,
669 2677 770 2745 sicubi
797 2679 999 2768 reperiantur,
1019 2679 1131 2768 gladio,
1145 2677 1326 2768 puniendos
1348 2697 1427 2768 puto
1440 2705 1471 2746 u.
1514 2679 1609 2747 omni
1629 2679 1731 2768 itaque
1756 2689 1789 2756 95

536 2793 666 2882 agmine
680 2791 721 2860 ad
737 2793 894 2862 Turriana
912 2795 1011 2864 Vasta
1029 2795 1142 2864 ruitur:
1162 2792 1206 2863 ibi
1219 2817 1258 2862 ex
1276 2794 1442 2863 Turrianis
1457 2793 1653 2884 ‘sequacibus
1669 2792 1733 2883 ple·

535 2909 639 2996 risque
652 2909 750 2978 caesis
768 2932 805 2977 ac
819 2907 997 2978 rubicundo
1013 2908 1083 2978 solo
1098 2909 1215 2991 stratis,
1229 2932 1286 2999 per
1303 2909 1415 3000 fugam
1431 2928 1575 2979 caeteros
1596 2911 1731 2977 evasisse

535 3025 706 3114 reperiunt,
720 3048 776 3115 per
787 3025 897 3116 plenas
909 3024 1025 3094 domos
1038 3024 1222 3094 Theutonis
1237 3024 1388 3115 praedam
1406 3025 1637 3116 quaerentibus
1649 3025 1732 3116 plus·

535 3161 633 3228 quam
644 3138 807 3231 caedem}
821 3139 1038 3232 spoliabantur
1055 3163 1123 3210 non
1135 3140 1236 3209 modo
1248 3139 1407 3210 Guidonis
1423 3159 1619 3231 agnatorum
1639 3159 1731 3230 atque

534 3256 718 3344 sequacium
730 3257 808 3340 eius,
828 3257 1051 3326 verumetiam
1069 3256 1291 3326 innocentium
1311 3255 1434 3324 vicinae
1453 3255 1594 3324 nimium
1607 3255 1731 3324 miseris
1761 3267 1812 3314 100

535 3369 699 3440 anrianis
718 3370 834 3440 domus
862 3373 950 3442 iuxta
977 3371 1137 3440 Turriana
1162 3373 1261 3440 Vasta
1270 3370 1316 3440 (²).
1362 3371 1515 3441 miserum
1544 3371 1731 3442 certaminis

534 3484 643 3554 locum
654 3484 814 3556 habitabat
830 3485 918 3555 dives
933 3507 965 3556 et
980 3486 1139 3578 popularis
1150 3486 1267 3556 familia
1286 3487 1325 3556 de
1337 3487 1569 3578 Segazonibus,
1583 3489 1640 3580 qui
1654 3509 1730 3556 con·

533 3599 681 3669 ductores
701 3625 737 3669 ac
755 3601 890 3672 studiosi
909 3603 1048 3672 Gallicae
1067 3621 1099 3672 et
1121 3603 1319 3673 britannicae
1347 3604 1437 3673 lanae
1465 3625 1554 3674 erant
1583 3605 1732 3694 negotia·

532 3733 628 3783 tores.
665 3715 782 3784 horum
797 3715 913 3786 domos
928 3716 1073 3787 adductis
1088 3716 1127 3786 de
1139 3719 1241 3788 Gallia
1253 3737 1307 3788 aut
1323 3737 1502 3808 permutata
1514 3719 1587 3788 lana
1602 3719 1731 3811 drappis

532 3828 652 3919 plenas,
672 3855 786 3902 manus
805 3832 1020 3904 Theutonum
1031 3853 1166 3925 occupat
1183 3835 1227 3918 vi,
1245 3853 1277 3904 et
1295 3835 1421 3904 violatis
1440 3835 1578 3919 famulis,
1596 3855 1732 3906 cunctas
1763 3843 1814 3908 ¹⁰5

586 4023 617 4082 (a)
633 4024 674 4070 Bt
687 4023 755 4072 etiam

567 4202 610 4274 (r)
624 4199 648 4256 11
663 4201 733 4258 duca
751 4201 894 4276 leopoldo
912 4203 1051 4260 d’Austria
1068 4205 1107 4260 in·
1151 4205 1279 4261 Torrianl
1294 4208 1310 4260 e
1325 4203 1345 4260 ll
1359 4204 1501 4276 Fmraro,
1515 4207 1563 4275 IV,
1581 4205 1665 4274 roba:
1685 4223 1733 4262 ma

531 4285 671 4342 comlncib
692 4285 719 4341 la
740 4287 809 4342 serie
831 4287 902 4343 delle
924 4303 973 4344 sue
987 4289 1105 4362 impreee
1150 4289 1238 4346 etale
1255 4290 1283 4345 la
1297 4289 1544 4362 imprecislonedei
1561 4291 1733 4364 particulari,

531 4367 641 4424 militam·
654 4369 682 4424 in
697 4381 794 4442 questo
806 4369 933 4427 tumulto.
972 4370 1014 4427 ef.
1030 4372 1105 4428 Gesta
1150 4373 1202 4430 che
1226 4373 1280 4446 egli
1304 4373 1340 4429 ba
1365 4375 1487 4432 raccolto
1511 4391 1544 4431 su
1567 4388 1667 4450 questo
1692 4375 1735 4430 l'a·

536 4451 610 4508 Trev.
646 4455 674 4508 ln
701 4453 866 4523 Hournerrr,
894 4455 943 4526 θος
970 4471 985 4510 e
1010 4457 1105 4512 Chron.
1151 4473 1231 4514 moso
1251 4458 1379 4526 tumulto,
1399 4459 1558 4516 ehennae
1584 4461 1732 4516 azzardato

530 4535 843 4611 Sataninpaz‚1,407.
876 4538 1018 4596 Clanclae
1033 4541 1106 4597 Borr-
1150 4541 1288 4598 ildubbio
1306 4543 1408 4618 cb'egll
1427 4544 1505 4600 abbia
1520 4561 1557 4599 un
1571 4545 1617 4618 po'
1627 4557 1733 4618 troppo

530 4636 597 4688 aaa,
612 4638 658 4696 op.
672 4623 727 4693 cit,
741 4639 766 4696 p.
780 4623 840 4680 288.
1150 4623 1385 4684 fantasticamente
1398 4627 1523 4696 colorlta
1536 4628 1625 4684 anthe
1639 4645 1656 4683 a
1671 4645 1735 4702 pro·

566 4705 609 4775 (a)
627 4705 716 4762 Molto
731 4709 777 4780 pib
788 4707 927 4765 diffusoin
940 4721 1034 4784 questa
1046 4725 1106 4765 nar-
1149 4710 1240 4784 posito
1258 4711 1286 4766 di
1309 4712 1400 4786 quelle
1418 4713 1607 4786 spogliarioni‚
1625 4711 1654 4768 la
1680 4729 1733 4768 sua

530 4789 639 4847 rarione
657 4791 704 4849 del
720 4793 885 4868 saccheggio
898 4793 970 4852 delle
982 4811 1045 4851 case
1059 4795 1104 4852 dei
1148 4813 1228 4869 prosa
1246 4796 1379 4870 elegante.
