3860 5884
491 541 532 608 92
963 536 1039 594 urs
1052 535 1074 593 r
1088 537 1206 594 onrt

490 761 551 828 situ
565 780 623 826 sua
639 759 772 848 quisque
790 758 896 847 potius
913 757 1029 848 (etiam
1042 757 1115 848 rex)
1134 757 1253 826 damna
1270 757 1392 848 lugent.
1438 779 1542 848 neque
1561 757 1612 826 hic
1631 781 1679 826 re·
1706 784 1746 852 75

490 875 586 964 ginae
603 874 751 942 transitus
769 895 827 964 pto
846 895 892 956 se,
914 890 970 944 aut
987 874 1037 942 sui
1059 895 1153 942 causa
1171 873 1329 962 lugendus
1353 891 1428 956 erat,
1450 871 1461 962 Ι
1480 895 1554 942 cum
1577 875 1679 962 ipsam

489 1007 668 1057 terrestrem
678 1009 830 1056 coronam
842 987 1023 1078 relinquens
1035 987 1190 1058 transierit
1202 987 1242 1056 ad
1257 987 1440 1070 coelestem
1452 985 1509 1055 sed
1521 1009 1538 1054 a
1549 1008 1680 1056 summo

490 1103 532 1173 ad
542 1103 691 1172 infimum
701 1102 840 1193 plerique
853 1103 1036 1174 mortalium
1045 1104 1197 1194 cuiusque
1209 1105 1334 1192 generis
1342 1103 1481 1172 nimium
1495 1102 1680 1192 pestiferum

490 1220 627 1288 sentient
655 1241 731 1288 suae
761 1219 873 1286 mortis
895 1217 1062 1288 damnum.
1108 1219 1179 1309 quis
1202 1217 1345 1287 amodo
1373 1237 1440 1287 tam
1469 1218 1520 1306 pie
1550 1235 1680 1308 tamque

490 1334 744 1417 misericorditer,
763 1351 798 1404 ut
811 1333 900 1417 haec,
920 1335 1114 1404 miserorum
1133 1355 1261 1402 causam
1281 1333 1363 1424 apud
1379 1355 1489 1422 regem
1504 1334 1681 1422 suscipiet?
1708 1341 1750 1407 80

488 1451 559 1541 quis
582 1471 664 1532 reos,
677 1449 751 1538 quis
764 1448 908 1532 rebelles,
922 1449 993 1539 quis
1008 1449 1143 1518 miseros
1158 1467 1366 1518 contumaces
1382 1465 1470 1518 tanta
1486 1446 1680 1518 confidentia

488 1563 617 1634 reducet
632 1563 672 1633 ad
685 1563 768 1653 regis
784 1561 907 1632 fidem?
921 1562 956 1620 (Ι)
1000 1586 1104 1652 neque
1120 1563 1207 1632 euim
1223 1562 1285 1630 hoc
1303 1562 1378 1631 loco
1393 1561 1428 1617 (⁸)
1442 1561 1532 1630 silete
1546 1583 1680 1651 possum

488 1679 657 1750 ridiculum
679 1677 756 1748 illud
779 1679 854 1747 civis
878 1680 977 1748 nostri
1001 1677 1124 1749 Rizardi
1144 1677 1184 1746 de
1207 1677 1364 1777 Marliano
1382 1677 1437 1766 qui
1453 1676 1550 1745 libros
1574 1674 1679 1766 Sibyl·

489 1795 572 1864 linos
596 1795 768 1885 antiquitus
791 1811 932 1864 servatos
954 1793 1142 1862 habebatin
1166 1791 1277 1876 domo,
1296 1793 1352 1883 qui
1371 1791 1546 1862 affirmabat
1556 1815 1680 1884 regem,

487 1909 671 2000 priusquam
690 1910 790 1978 lanua
808 1908 986 1990 decederet,
1004 1909 1211 1992 moriturum
1231 1907 1284 1977 ubi
1303 1907 1378 1977 inde
1397 1907 1521 1990 abiisse,
1540 1927 1571 1976 et
1590 1909 1679 1978 Pisas
1708 1914 1749 2000 85

488 2025 614 2096 venisse
638 2025 795 2115 aperito),
816 2023 914 2094 libros
928 2023 963 2080 (θ)
982 2044 1017 2092 ut
1039 2023 1135 2092 salsos
1158 2025 1290 2113 proiecit
1314 2025 1347 2092 in
1370 2024 1491 2114 ignem,
1512 2025 1678 2112 inquiens:

492 2167 510 2204 a
526 2139 661 2230 amplius
690 2163 757 2208 non
780 2139 868 2208 fallar
887 2161 905 2206 a
924 2139 1016 2208 vobis
1033 2164 1064 2223 »3
1087 2161 1155 2208 non
1174 2138 1256 2208 forte
1274 2138 1498 2229 propheticum
1512 2140 1522 2231 Ι
1537 2138 1615 2208 illud
1631 2140 1679 2208 in·

488 2253 633 2343 telligens
656 2276 733 2322 sana
756 2271 874 2338 mente,
905 2277 965 2323 nec
993 2252 1199 2324 considerans
1216 2253 1307 2344 quod
1324 2270 1391 2322 tam
1411 2253 1464 2343 pia
1485 2273 1518 2322 et
1538 2253 1679 2322 clemens

487 2369 598 2458 regina
621 2369 806 2452 decesserat,
826 2370 914 2440 cuius
930 2369 1003 2439 fons
1021 2369 1209 2440 clementiae
1229 2367 1398 2438 roborabat
1420 2387 1453 2438 et
1472 2369 1680 2439 conservabat

487 2507 625 2575 regnum
648 2485 708 2554 viri
724 2486 794 2554 sine
817 2507 880 2575 qua
898 2487 1033 2556 moritur
1051 2507 1150 2556 omne
1163 2507 1312 2574 regnum.
1358 2507 1421 2574 ego
1441 2503 1548 2556 autem
1568 2485 1679 2554 vivum
1708 2509 1750 2574 90

487 2623 598 2692 regem
616 2601 687 2670 sine
708 2623 811 2691 regno
829 2623 996 2691 uunquam
1015 2601 1081 2670 vidi
1095 2601 1140 2668 (²).

552 2715 643 2786 Dum
665 2715 773 2805 itaque
795 2737 852 2786 rex
870 2735 980 2786 noster
998 2717 1115 2786 ianuae
1134 2735 1261 2784 moram
1280 2715 1386 2798 trahit,
1404 2715 1590 2805 simpliciter
1612 2737 1679 2782 arn·

488 2826 611 2912 bulaus,
633 2847 665 2897 et
683 2827 846 2900 bonafide
864 2853 976 2920 pacem
992 2848 1144 2922 appetens
1163 2853 1239 2900 cum
1257 2851 1334 2922 rege
1359 2829 1511 2912 Roberto‚
1528 2829 1679 2920 adquam

486 2943 720 3034 procurandam
749 2965 896 3016 summus
918 2943 1065 3036 pontifex
1094 2969 1226 3036 operam
1255 2967 1347 3016 suam
1375 2945 1480 3029 dabat,
1498 2945 1574 3016 dum
1599 2946 1679 3014 tanti

488 3058 670 3130 mediatoris
688 3081 785 3150 opera
811 3080 843 3130 et
865 3061 1051 3130 auctoritate
1072 3059 1217 3144 confidit,
1237 3062 1344 3149 ipsum
1362 3081 1473 3151 regem
1491 3058 1680 3144 Robettum,
1708 3082 1749 3149 95

486 3174 569 3244 sicut
591 3175 655 3242 iam
678 3173 768 3258 alios,
787 3173 828 3244 ad
857 3175 1015 3246 solemnia
1038 3175 1254 3244 coronationis
1277 3195 1353 3244 suae
1377 3171 1584 3244 amicabiliter
1603 3197 1679 3244 con·

487 3289 609 3374 vitavit,
621 3311 734 3360 canem
746 3291 903 3362 suscitans
917 3291 1142 3360 dormientem.
1179 3313 1255 3360 nam
1268 3291 1427 3362 Roberrus
1442 3291 1513 3374 iste,
1527 3291 1680 3381 susceptis

485 3402 581 3470 literis
594 3403 604 3494 Ι
618 3405 701 3492 regis
725 3405 835 3486 nostri,
853 3405 952 3496 ipsius
967 3427 1132 3474 successus
1151 3406 1184 3472 in
1208 3403 1403 3473 Lombatdia
1421 3405 1561 3474 nimium
1585 3427 1680 3495 aegre

486 3513 600 3600 ferens,
613 3537 650 3582 ac
661 3513 773 3586 videns
792 3516 879 3607 quod
890 3516 970 3585 nihil
988 3517 1047 3586 sibi
1062 3516 1249 3608 profuerant
1262 3517 1296 3586 in
1313 3515 1506 3588 Lombardia
1524 3517 1606 3586 iacta
1628 3538 1680 3585 se·

540 3767 572 3824 (a)
587 3764 713 3822 Rbueque
727 3763 764 3811 bic
778 3764 822 3810 loci
838 3765 905 3811 silere
959 3765 991 3820 (b)
1007 3765 1154 3810 Bbresclvit
1208 3767 1240 3822 (c)
1255 3763 1349 3810 Bbeos

523 3979 566 4050 (ι)
582 3979 620 4036 La
636 3991 724 4034 morte
738 3979 810 4036 della
826 3979 921 4052 regina
937 3981 1063 4052 Marghe·
1107 3980 1126 4035 il
1142 3979 1271 4048 suumn,
1284 3996 1329 4052 op.
1345 3979 1390 4034 cit
1399 3997 1425 4053 p.
1436 3977 1503 4052 ²9⁶3
1519 3995 1564 4035 ma
1576 3981 1612 4034 da
1624 3997 1676 4036 nna

488 4063 538 4120 rita
547 4063 575 4118 di
588 4063 721 4120 brabante
734 4081 856 4120 avvenne
869 4063 889 4120 il
902 4079 933 4132 14
946 4081 1063 4120 norem·
1107 4063 1201 4118 letters
1212 4062 1257 4117 dei
1264 4062 1326 4119 irati
1333 4063 1434 4118 Minori
1444 4063 1470 4118 di
1483 4063 1574 4136 quella
1586 4063 1680 4120 chiesa

486 4149 534 4204 bre
548 4164 622 4220 ¹3¹1·
650 4149 689 4203 Fu
707 4148 813 4221 sepolta
831 4147 905 4204 nella
925 4147 1017 4204 chiesa
1032 4147 1060 4202 di
1106 4146 1140 4201 ad
1165 4148 1275 4218 Arrige,
1293 4145 1447 4220 pubblicata
1473 4145 1519 4202 dal
1546 4147 1680 4212 Bouatttr,

488 4229 896 4296 S.FrancescodiCastelletto,
907 4247 955 4286 ora
966 4230 1061 4287 demo·
1107 4247 1151 4305 op.
1166 4231 1212 4287 cit
1231 4231 1252 4298 1,
1274 4229 1331 4303 136,
1349 4231 1378 4286 in
1402 4230 1446 4286 cni
1461 4231 1484 4286 si
1502 4230 1679 4286 stabiliscono

488 4315 543 4371 llta.
568 4315 696 4374 etanta
707 4315 884 4388 Trav.presso
893 4315 1061 4380 Hosmrnt,
1107 4315 1115 4370 i
1134 4314 1223 4386 giomi
1240 4314 1312 4370 delle
1330 4315 1482 4370 ritorreute
1500 4311 1643 4380 funeratio,
1664 4317 1679 4369 b

489 4399 889 4472 &sanabimur-nepeta
900 4400 1060 4467 V,tubr.1v.
1105 4395 1260 4454 dettotrin
1276 4397 1333 4453 die
1347 4397 1400 4452 sui
1419 4397 1679 4470 obitus,quarta

489 4483 534 4538 Gli
548 4483 641 4540 storici
655 4483 940 4556 genovesifinoaM.
954 4483 988 4539 C.
1004 4482 1061 4538 Ca·
1107 4481 1269 4538 «decima
1296 4480 1512 4548 decembris,
1533 4481 1680 4536 scilicet

487 4567 1056 4641 narr(rtu0vasroriaaaarep.trom0va,
1106 4565 1678 4622 «incrastinosanctaeLuciae».

488 4649 607 4716 Firente,
626 4649 758 4718 ratem,
773 4652 1057 4722 nostrorumst
1140 4649 1184 4719 (a)
1202 4649 1250 4704 Sui
1269 4649 1330 4704 libri
1347 4649 1458 4706 sibillini
1485 4666 1501 4704 e
1525 4649 1594 4706 sulle
1617 4663 1680 4720 pto·

488 4731 589 4788 lissam
608 4733 632 4788 lt
660 4733 722 4789 dats
741 4734 813 4790 della
832 4745 922 4790 morte
940 4733 1060 4790 dell’im·
1104 4733 1171 4788 serie
1186 4733 1258 4788 della
1273 4733 1369 4788 sibilla
1381 4732 1415 4790 ci.
1431 4733 1466 4788 D.
1480 4733 1679 4798 Constiterat,

488 4817 619 4892 perattite
638 4818 683 4873 nel
702 4819 799 4890 giorno
821 4835 860 4892 ¹3·
879 4837 894 4874 e
914 4821 971 4874 cosl
993 4833 1059 4892 pure
1109 4817 1213 4890 Virgilio
1228 4817 1268 4874 tud
1282 4817 1362 4874 medio
1375 4835 1438 4882 etur
1458 4817 1587 4882 livomo,
1604 4816 1680 4888 1872,
