3860 5884
603 558 632 614 r.
660 557 718 613 on
747 557 1062 614 canutum.
1385 563 1424 634 73

240 775 354 868 perbte
376 778 546 846 nationum
564 777 676 868 stirpes
697 777 733 834 (⁸)
751 777 785 846 in
808 777 875 868 ipsa
898 777 1044 849 Guelfica
1065 797 1152 870 parte
1175 779 1276 849 nimia
1298 779 1429 850 exulum

194 909 211 976 5
240 891 391 982 parientia
410 915 555 964 securam
570 915 682 984 pacem
707 893 812 978 dante,
828 893 943 984 opibus
967 913 1061 984 atque
1076 895 1177 984 gloria
1196 896 1277 965 inter
1295 895 1430 986 Ligures

240 1005 440 1088 claruissent,
464 1007 546 1078 duae
567 1029 641 1100 prae
665 1009 794 1078 caeteris
816 1009 852 1066 0>
874 1007 1013 1078 familiae
1036 1009 1182 1100 potentia
1203 1033 1240 1080 ac
1262 1009 1429 1080 nobilitate

239 1121 411 1212 praeibant,
428 1122 666 1192 Cavalcaboves
683 1123 802 1194 scilicet
824 1141 856 1193 et
870 1127 996 1210 Amati;
1015 1147 1149 1216 quatum
1164 1125 1322 1217 principes
1340 1124 1430 1196 fami·

240 1235 352 1306 liarum
371 1234 504 1304 diversis
522 1237 665 1306 moribus
687 1238 721 1307 in
744 1237 821 1308 urbe
844 1239 998 1324 viventes,
1018 1239 1099 1308 odiis
1121 1261 1158 1308 ac
1179 1260 1279 1330 prope
1301 1239 1429 1310 seditio-

241 1348 333 1420 nibus
347 1349 542 1436 laborabant,
561 1369 672 1444 utpote
690 1351 882 1422 Guillelmus
902 1352 1099 1423 Cavalcabos
1121 1373 1154 1424 et
1172 1355 1371 1444 Supramons
1389 1353 1429 1424 de

175 1484 214 1534 ro
241 1467 375 1534 Amatis.
421 1485 563 1558 uterque,
577 1468 659 1537 inter
670 1467 804 1552 nobiles,
827 1467 938 1552 clarus,
958 1467 1101 1538 amabilis
1119 1487 1152 1538 et
1174 1469 1333 1560 gloriosus
1352 1489 1427 1540 erat

240 1603 353 1650 verum
368 1581 564 1652 multitudini
579 1601 611 1650 et
624 1583 780 1673 plerisque
798 1605 839 1652 ex
858 1582 1073 1674 magnatibus,
1095 1583 1149 1674 qui
1173 1603 1348 1654 commune
1372 1583 1429 1654 bo·

240 1719 319 1764 nutu
348 1719 479 1766 summo
508 1697 615 1768 studio
644 1697 807 1782 curabant,
830 1699 1027 1788 Supramons
1059 1699 1160 1768 carior
1178 1697 1247 1782 fuit,
1269 1699 1429 1790 quippea

239 1813 405 1884 iuventute
419 1814 578 1904 publicola
599 1814 716 1906 ibonis
730 1815 873 1886 moribus
894 1817 929 1874 (ι)
952 1840 988 1886 ac
1010 1816 1199 1908 reipublicae
1222 1816 1309 1886 utilis
1331 1815 1428 1886 habe-
1480 1851 1528 1888 er
1575 1853 1590 1886 ι

241 1929 340 1998 batur.
375 1949 486 2002 contra
497 1931 699 2016 Guillelmus,
708 1953 806 2021 quem
822 1929 1004 2002 divitiarum
1016 1931 1107 2022 copia
1119 1931 1294 2022 superbum
1313 1953 1349 2000 ac
1360 1953 1429 2000 ma·

173 2057 209 2124 15
239 2046 295 2136 gni
309 2043 407 2116 fastus
429 2045 575 2130 reddidit,
591 2047 778 2118 turbator&
789 2047 936 2129 iustitiae,
960 2046 1074 2117 iudicia
1087 2046 1275 2138 plerumque
1289 2046 1428 2118 conluu-

239 2157 329 2242 dens,
348 2159 427 2230 baec
441 2159 500 2230 sibi
515 2159 610 2230 licere
625 2183 662 2230 ac
679 2183 715 2230 se
728 2184 830 2231 unum
844 2161 880 2230 ita
895 2160 972 2230 urbe
990 2159 1061 2252 plus
1079 2159 1212 2230 caeteris
1227 2179 1335 2250 posse,
1350 2159 1428 2230 dum

238 2295 334 2342 saeva
360 2275 492 2364 impune
520 2273 643 2360 suadet,
663 2275 841 2366 gloriosum
871 2293 903 2344 et
932 2273 1086 2344 decorum
1109 2273 1225 2344 stolide
1253 2273 1427 2364 reputabat.

241 2385 329 2456 cuius
346 2386 392 2456 rei
414 2409 508 2458 causa
526 2389 647 2458 invisus
670 2409 735 2460 erat
756 2387 971 2480 popularibus.
1017 2405 1241 2458 verumtamen
1264 2409 1330 2456 una
1353 2407 1427 2458 cum

238 2503 393 2594 plerisque
414 2503 603 2595 sequacibus
625 2507 689 2576 suis
712 2523 827 2576 cuncta
848 2506 980 2596 impune
1009 2523 1104 2574 saeva
1133 2501 1337 2594 gerentibus,
1358 2503 1427 2572 sine

169 2641 212 2692 ao
238 2617 343 2700 aulo,
365 2619 508 2688 maximo
535 2618 723 2710 reipublicae
745 2617 866 2690 damno
888 2617 1041 2710 regnabat
1062 2619 1098 2688 in
1120 2617 1208 2690 urbe.
1253 2619 1299 2688 sic
1328 2619 1427 2702 euim,

239 2731 324 2802 haud
337 2755 450 2823 parum
462 2733 645 2806 dissimilius
658 2735 726 2804 eius
740 2735 973 2824 progenitores,
987 2731 1076 2805 velut
1089 2755 1180 2802 more
1194 2755 1255 2802 suo
1270 2733 1427 2816 viventes,

238 2845 327 2931 olim,
358 2845 534 2936 periculum
563 2843 755 2938 quandoque
777 2847 951 2918 ttubandae
977 2845 1178 2937 reipublicae,
1201 2871 1238 2916 ac
1261 2845 1427 2916 seditionis

239 2985 367 3034 causam
386 2965 547 3034 dederant.
592 2965 686 3036 huius
704 2965 781 3036 mali
799 2967 928 3036 humilis
950 2965 1136 3050 multitudo,
1153 2989 1190 3036 ac
1208 2967 1350 3058 plerique
1368 2965 1428 3034 ho-

239 3081 320 3148 nesti
342 3079 464 3150 ordinis
485 3079 664 3170 populares,
683 3081 907 3172 Suptamontis
933 3080 1162 3152 adolescentuli
1184 3079 1263 3150 olim
1286 3079 1395 3149 favore
1418 3079 1429 3170 Ι

169 3215 209 3282 25
238 3193 318 3280 freti,
342 3195 428 3266 haud
450 3215 570 3266 temere
593 3195 775 3287 aliquando,
798 3195 926 3288 aliquod
949 3195 1088 3266 habuere
1110 3195 1302 3279 remedium,
1320 3195 1427 3286 legem

238 3309 385 3396 ferentes,
405 3335 478 3402 qua,
503 3313 644 3382 maxima
673 3311 906 3396 moderatione,
924 3335 991 3384 non
1017 3313 1093 3382 urbs
1116 3312 1204 3382 velut
1227 3309 1373 3381 exulibus
1395 3329 1428 3380 et

238 3427 428 3518 proscriptis,
447 3427 503 3498 sed
522 3429 622 3498 nimia
641 3427 726 3500 urbis
751 3427 962 3518 frequentatio
987 3447 1081 3520 atque
1108 3449 1200 3498 mora
1224 3425 1427 3518 primoribus,

239 3541 449 3612 immotaedo
462 3543 596 3634 singulis
606 3541 746 3612 familiae
755 3541 1028 3626 Cavaicabovum,
1038 3541 1206 3612 interdicta
1214 3559 1290 3610 erat.
1337 3540 1427 3610 cuius

238 3657 392 3748 obsequio
409 3657 502 3748 legis,
521 3657 599 3728 dum
619 3657 858 3730 Cavalcaboves
877 3657 1003 3748 oppidis
1022 3681 1059 3728 ac
1082 3655 1225 3728 dulcibus
1248 3655 1332 3746 agris
1349 3655 1427 3738 suis,

169 3793 211 3860 30
238 3795 377 3864 quorum
399 3795 517 3864 magna
539 3775 585 3842 eis
608 3773 702 3864 copia
723 3791 800 3856 erat,
819 3773 990 3865 magnifice
1008 3774 1108 3842 vitam
1131 3789 1242 3864 agunt,
1265 3771 1320 3842 diu
1343 3789 1429 3840 tran·

237 3887 333 3980 quilla
354 3911 443 3979 pace,
459 3887 546 3960 velut
568 3889 703 3980 integra,
717 3887 825 3960 floruit
839 3889 1013 3958 Cremona.
1059 3889 1124 3956 iam
1137 3887 1305 3958 Gibellinis
1319 3903 1427 3956 extor-

237 4003 322 4072 ribus
341 4003 448 4072 omnis
466 4005 500 4072 in
520 4003 633 4074 urbem
660 4025 752 4073 suam
774 4003 893 4074 reditus
914 4027 972 4094 spe
1001 4003 1115 4094 posita,
1138 4001 1299 4092 oblitaque
1318 3999 1426 4070 dulce·

237 4117 311 4190 dine
326 4121 453 4210 patriae,
464 4119 700 4210 quiescentibus
723 4119 832 4188 alienis
854 4119 955 4202 terris,
974 4118 1078 4188 donec
1101 4135 1224 4188 mutata
1241 4115 1425 4190 conditione

236 4235 374 4322 partium
393 4233 568 4304 Mediolani
587 4251 618 4302 et
638 4233 819 4302 Cremonae
841 4233 994 4314 similiter,
1013 4232 1135 4302 sublata
1150 4229 1327 4300 confinium
1344 4228 1426 4317 lege,

168 4369 207 4436 35
236 4349 411 4438 perniciose
433 4350 569 4440 perverti
599 4349 704 4439 coepit
727 4347 794 4440 (iu)
817 4347 948 4438 quilibet
970 4345 1056 4418 urbis
1078 4344 1161 4416 ordo
1178 4345 1223 4414 (⁸).
1271 4367 1348 4414 nam
1370 4343 1425 4413 ubi

287 4605 320 4662 <et
336 4607 379 4652 Bb
398 4605 481 4652 moine
497 4603 613 4652 estinan
627 4607 708 4664 stirpes
768 4605 801 4662 (b)
818 4603 1038 4652 nectamur·
1099 4605 1133 4660 (e)
1145 4604 1187 4649 Aa
1200 4613 1214 4646 ι
1227 4602 1346 4648 inventu·
1359 4599 1426 4646 benis

236 4683 337 4730 met-ltu
398 4683 601 4742 ternarum
659 4679 1234 4742 ‹etnamouuunenmqueetetuaren
1249 4679 1426 4726 urbismuros

235 4757 1426 4822 aen-dimmmdemmnbnmdmmmnnldtedethere

236 4841 941 4904 “memmimus-*mma*

342 4949 563 4998 reeca-mre.
1294 4943 1319 4990 s·

1480 3235 1503 3269 e.
1519 3233 1587 3284 r4ta
