3860 5890
562 609 589 664 1.
616 607 675 664 DE
704 605 1020 665 CERMENATE.
1327 615 1384 681 113
1490 609 1495 619 ·

263 829 352 900 LIlI.
399 831 532 900 Postero
555 827 605 898 die
625 829 822 918 imperatoris
841 849 942 898 castra
962 828 1046 898 haud
1070 829 1180 920 procul
1203 827 1242 897 ab
1265 829 1389 920 oppido

196 945 385 1018 &Cassiani
395 945 441 1027 (⁸),
457 943 513 1034 qui
523 942 614 1012 locus
623 965 690 1014 non
698 943 834 1034 amplius
844 946 986 1036 quinque
1001 943 1141 1014 millibus
1152 967 1304 1035 passuum
1314 945 1388 1014 Flo·

197 1063 296 1132 rentia
315 1060 421 1146 distat,
436 1061 495 1130 sita
509 1079 583 1128 sunt
597 1060 641 1128 (¹).
687 1079 765 1132 ttmc
782 1059 885 1144 miles,
901 1061 1016 1130 relictis
1031 1059 1095 1129 sere
1111 1062 1229 1146 castris,
1245 1061 1388 1152 undique

196 1201 252 1268 per
275 1177 425 1248 hostilem
454 1199 568 1266 agrum
587 1175 829 1266 praedabundus
849 1179 952 1260 currit,
978 1177 1070 1246 villae
1089 1195 1121 1246 et
1146 1177 1309 1267 oppidaiu
1330 1180 1388 1248 cir·

150 1317 167 1382 5
198 1293 282 1364 cuitu
307 1293 368 1360 late
391 1291 528 1374 firmant,
543 1291 636 1362 nullis
657 1292 931 1360 circumstantium
948 1293 1146 1362 immunibus
1169 1291 1264 1362 huius
1281 1293 1388 1377 cladis,

197 1409 255 1476 nisi
275 1407 330 1498 qui
349 1407 491 1476 celeriter
502 1427 571 1476 sese
590 1406 712 1476 dedunt
729 1407 815 1498 pleni
835 1407 1022 1476 victualium
1041 1426 1253 1490 occurrentes,
1273 1404 1388 1498 quibus

197 1522 390 1610 imperatori,
414 1539 582 1590 uteorum
604 1543 686 1611 quae
709 1521 862 1592 exercitui
885 1541 1065 1612 opportuna
1088 1540 1174 1604 suut,
1198 1521 1386 1591 continuum

198 1657 373 1708 mercatum
387 1635 498 1706 serant.
532 1639 713 1728 imperator,
725 1638 836 1728 positis
852 1637 972 1721 castris,
982 1655 1113 1726 gentem
1124 1661 1216 1707 suam
1235 1638 1267 1706 in
1283 1637 1388 1728 plures

197 1771 300 1844 partes
321 1751 464 1843 partitus,
483 1769 605 1842 partem
625 1751 899 1842 archiepiscopum
926 1751 1160 1821 Treverensem
1179 1753 1268 1841 sequi
1287 1751 1388 1836 iussit,

132 1889 170 1937 ro
198 1869 248 1938 cui
267 1869 383 1958 inquit:
400 1893 417 1934 a
432 1891 528 1958 perge
540 1866 581 1935 ad
592 1885 730 1938 casuum
742 1869 775 1938 S.
788 1869 908 1938 Mariae
917 1869 1076 1940 Novellae
1087 1895 1118 1938 u.
1164 1868 1280 1938 deiude
1292 1867 1387 1938 aliam

197 1983 336 2052 militum
360 1983 487 2072 copiam
501 1983 537 2038 (⁵)
552 1981 766 2054 mareschalco
785 1981 883 2066 dedit,
903 1986 956 2075 qui
977 1983 1095 2076 absque
1113 2007 1204 2054 mora
1219 1985 1387 2074 Passigna·

196 2121 277 2169 uum
288 2097 400 2170 tendit.
446 2121 558 2168 vemm
568 2119 681 2172 neuter
698 2101 865 2170 introitum
879 2098 965 2182 iecit,
976 2119 1083 2190 portas
1097 2100 1257 2192 reperiens
1267 2099 1387 2170 clausas

197 2232 228 2282 et
251 2235 362 2284 muros
383 2213 551 2284 rebellibus
574 2215 671 2284 armis
687 2213 804 2284 densos
818 2215 863 2284 (²).
909 2233 1042 2306 uterque
1057 2216 1213 2286 hostiliter
1227 2215 1315 2308 quod
1330 2239 1387 2306 po·

197 2329 257 2398 tuit
271 2329 345 2400 iecit
361 2330 621 2422 populationibus
636 2351 668 2400 et
687 2331 853 2415 incendiis,
868 2329 1013 2402 hostibus
1028 2332 1108 2402 iram
1121 2357 1212 2402 suam
1232 2332 1386 2404 vendens.

131 2463 167 2532 15
197 2445 340 2529 taudem,
355 2449 484 2516 vastatis
499 2447 593 2538 agris,
610 2445 650 2516 ad
665 2445 878 2538 expugnanda
897 2447 1014 2537 oppida
1028 2447 1172 2532 redeunt,
1190 2470 1272 2538 quae
1288 2471 1387 2539 aeque

198 2562 258 2632 alia
280 2581 443 2630 armorum
466 2563 498 2630 vi
518 2563 655 2652 capiunt.
701 2561 830 2630 interim
853 2561 1026 2651 imperator
1044 2561 1219 2632 exercitum
1236 2560 1387 2652 gentibus

197 2675 365 2747 fortificare
380 2677 504 2759 volens,
522 2678 674 2746 comitem
687 2677 809 2747 Montis
825 2677 922 2746 Feltri
938 2679 1026 2746 Pisas
1040 2677 1137 2761 misit,
1153 2695 1295 2747 statuens
1311 2701 1386 2748 eum

197 2794 294 2884 ipsius
307 2793 442 2862 civitatis
453 2793 617 2862 vicarium.
654 2792 708 2884 qui
726 2793 832 2862 statim
852 2817 927 2862 cum
942 2794 1064 2862 Pisanis
1083 2793 1122 2862 ad
1141 2794 1316 2863 exercitum
1331 2817 1387 2862 ve·

197 2909 299 2992 niens,
321 2911 516 3000 quingentos
543 2909 665 3000 equites
683 2927 716 2978 et
734 2907 847 2978 decem
866 2907 965 2976 millia
983 2906 1128 2998 peditum
1156 2930 1268 2978 secum
1287 2907 1386 2992 duxit,

128 3039 170 3088 ao
196 3025 311 3116 quihus
333 3025 462 3116 longior
480 3047 579 3116 quam
597 3023 836 3092 existimabatur
855 3025 888 3093 in
906 3023 1015 3092 castris
1030 3024 1124 3092 statio
1142 3022 1224 3093 adeo
1242 3023 1388 3094 medium

197 3140 281 3224 iecit,
305 3140 472 3232 praecipue
501 3140 616 3232 quibus
646 3139 756 3208 vacuis
786 3140 887 3210 bursis
918 3139 1055 3230 pecunia
1082 3139 1178 3208 etiarn
1208 3140 1387 3210 necessario

197 3255 317 3326 summi
339 3255 463 3340 deerat;
482 3275 517 3324 ut
539 3255 691 3346 plerique,
713 3277 771 3325 sna
803 3277 870 3324 non
900 3254 1032 3324 alicuius
1063 3253 1233 3344 superioris
1262 3253 1388 3324 licentia

198 3373 305 3440 castris
327 3369 480 3440 abeuntes
510 3371 656 3455 domum,
680 3367 719 3438 ab
750 3368 894 3440 hostibus
915 3371 950 3440 in
973 3371 1084 3439 itinere
1108 3371 1189 3460 capti
1219 3388 1304 3440 sunt.
1350 3393 1387 3438 ea

197 3488 397 3578 captivorum
421 3487 594 3557 multitudo
617 3487 688 3578 plus
712 3487 913 3558 ,rusticorum
931 3508 1028 3577 quarn
1052 3487 1171 3556 civium
1194 3487 1388 3556 Pisanorum

128 3613 166 3680 25
197 3601 266 3688 suit,
285 3621 317 3672 et
339 3621 414 3674 sunt
439 3603 493 3693 qui
516 3621 660 3674 asserum
690 3601 874 3674 huiusmodi
898 3601 1041 3692 captivos
1071 3600 1167 3672 luisse
1195 3601 1266 3691 plus
1288 3625 1386 3692 quam

198 3717 285 3788 mille
300 3717 344 3786 (³).

251 3913 281 3968 (ι)
297 3909 373 3956 iant
388 3921 402 3956 e
418 3911 443 3956 ia
460 3909 520 3956 liar,
535 3909 635 3958 &aaut
701 3911 734 3966 (b)
748 3909 788 3954 Bb
802 3909 949 3968 emutilatum

231 4071 333 4144 (1)OE
350 4071 384 4128 G.
398 4070 682 4138 thartulcthrs
694 4071 770 4128 Mus
848 4071 892 4142 (ς)
911 4071 1026 4128 Intorno
1045 4087 1061 4124 a
1079 4069 1209 4124 federico
1227 4069 1262 4124 da
1281 4067 1388 4126 Monte·

196 4171 279 4222 saro,
293 4155 341 4222 nt,
359 4157 430 4212 rubr.
450 4171 495 4222 rr;
514 4154 578 4212 Nte.
597 4155 687 4211 Borrt
707 4154 725 4210 l.
743 4171 767 4211 c
814 4153 893 4210 leltro
905 4153 982 4227 hgiio
995 4152 1039 4209 dei
1051 4165 1133 4208 conte
1149 4153 1250 4222 Guido,
1263 4153 1297 4209 ci.
1312 4153 1390 4210 Uno·

196 4241 229 4296 ed
244 4241 333 4297 anche
346 4241 373 4296 la
385 4241 480 4297 lettera
489 4239 631 4313 imperiale
642 4239 687 4294 dei
699 4257 711 4312 3
722 4256 770 4296 uo·
814 4253 882 4304 aaut,
896 4237 982 4294 Sioria
999 4237 1036 4292 de'
1056 4239 1124 4294 couti
1135 4257 1148 4292 ι
1159 4237 1234 4292 iacit
1248 4237 1387 4304 d'Urha'uo,

197 4325 307 4382 vemhre
325 4325 352 4382 al
370 4325 472 4382 vicario
495 4325 567 4398 degli
591 4323 697 4380 auriani
723 4325 768 4380 del
813 4324 835 4390 Ι,
857 4337 985 4394 top-124.
1021 4321 1061 4378 Fu
1079 4321 1191 4396 podesta
1204 4323 1232 4377 di
1242 4323 1386 4388 Arearo,e

196 4411 333 4484 conaiglio
349 4429 365 4466 e
380 4411 424 4466 del
440 4426 557 4466 comune
574 4409 602 4464 di
621 4409 682 4464 Pisa
701 4409 768 4482 pub·
814 4425 891 4480 prese
910 4421 986 4481 parte
1005 4408 1165 4464 attiuissima
1183 4407 1236 4462 alle
1256 4425 1352 4480 guerre
1373 4423 1388 4462 e

196 4495 294 4552 blicam
309 4495 354 4549 dal
369 4495 528 4561 Douurocs,
544 4495 618 4562 Acta,
635 4494 667 4560 ΙΙ,
687 4509 743 4564 ¹9⁰·
813 4492 866 4547 alle
892 4491 991 4546 lationi
1016 4491 1087 4547 della
1122 4491 1251 4548 Tuscana
1276 4507 1291 4546 e
1316 4491 1388 4547 della

232 4583 274 4650 (a)
293 4579 336 4636 ΕΙ.
356 4581 421 4635 Nic.
440 4579 529 4634 Bore.
547 4595 608 4650 927.
644 4577 698 4633 Dei
713 4589 769 4632 teu·
812 4575 964 4648 Romagna.
1002 4575 1120 4630 Nemico
1154 4575 1326 4648 implacabile
1357 4575 1387 4630 di

196 4666 280 4720 tativo
313 4664 340 4719 di
366 4681 501 4736 occupare
526 4663 695 4734 Passignano
722 4661 768 4716 nel
814 4659 974 4732 Uguceione
995 4659 1067 4716 della
1092 4657 1252 4730 Faggiuola‚
1275 4658 1321 4714 fini
1340 4659 1389 4714 mi·

197 4751 236 4804 Dc
249 4751 335 4804 itinere
345 4749 430 4804 italico
445 4749 467 4802 si
482 4761 559 4812 taee;
574 4746 719 4802 acceunasi
728 4745 768 4801 in·
814 4757 966 4800 aeramente
981 4743 1026 4799 nel
1045 4757 1109 4814 ¹3²²
1122 4743 1256 4798 trucidato
1272 4741 1307 4798 da
1322 4745 1385 4816 quei

196 4829 605 4902 veceallapresadiLucardo:
623 4829 770 4885 «ubiliunt
815 4827 948 4884 d'Urbino
981 4843 1061 4884 come
1095 4825 1245 4901 ghibelliuo
1278 4828 1389 4882 cretico.

200 4915 289 4972 «boni
304 4917 375 4970 casei
386 4937 412 4982 ι,
429 4927 495 4970 nota
513 4913 533 4968 il
551 4915 625 4971 bnon
639 4929 769 4970 vescovo,
815 4914 868 4968 Del
888 4929 938 4970 suo
957 4913 1087 4970 vicariatu
1106 4913 1133 4968 iu
1153 4912 1214 4968 Pisa
1233 4929 1289 4968 non
1308 4925 1389 4966 trovo

302 5039 321 5086 t.
335 5039 365 5084 de
379 5039 523 5086 cerneum
1268 5037 1282 5080 8
