3860 5890
582 537 608 593 1.
638 537 695 592 ne
723 537 1032 594 conuenere.
1358 543 1396 609 95

214 639 261 648 .-..
285 639 771 650 -—.—=·-—-..-—.--.—-—-
889 643 1399 654 --..----——.——-.--·

214 759 363 826 Brixiam.
410 757 507 840 hunc,
530 759 801 848 frequentantibus
832 759 1089 830 Colonnensium
1119 761 1238 832 nuntiis
1268 763 1401 832 ianuam

216 874 426 956 venientibus,
448 873 678 964 requirentibus
696 875 874 944 subsidium
898 899 934 946 ac
957 877 1092 946 celerem
1121 877 1297 948 adventum
1320 880 1403 968 regis

215 989 366 1070 Romam,
388 1011 456 1058 uon
479 1007 514 1058 ut
536 989 724 1078 guerrificet,
749 1013 862 1060 verum
885 1009 920 1060 ut
941 991 1050 1062 civiles
1064 993 1073 1082 Ι
1088 1013 1195 1062 motus
1219 1013 1405 1082 componat,

126 1129 187 1196 ¹40
215 1103 309 1171 misit.
356 1105 496 1172 coinon
521 1105 600 1174 ultra
622 1105 852 1196 quinquaginta
875 1109 1020 1197 equitum
1043 1111 1280 1185 Germanorum
1305 1111 1405 1178 comi·

214 1221 315 1288 rivam
338 1219 435 1302 dedit,
464 1219 541 1288 nihil
565 1221 649 1288 aliud
672 1223 845 1312 suspicans,
876 1223 936 1292 nisi
959 1223 1046 1314 quod
1071 1225 1228 1314 paucitate
1247 1225 1405 1306 lietomnr,

214 1335 334 1406 iudices
353 1355 383 1404 et
402 1335 520 1418 vicarii,
542 1359 624 1426 qnos
645 1335 763 1406 ibidem
781 1337 1017 1408 Ludovicusin
1043 1339 1129 1408 Urbe
1153 1340 1324 1422 dimiserat,
1345 1340 1405 1410 hos

217 1452 311 1522 Urbis
327 1451 482 1522 tumultus
500 1453 609 1522 sedare
628 1475 694 1522 non
714 1473 854 1542 possent.
894 1475 926 1522 at
945 1453 1130 1524 Ludovicus
1150 1458 1273 1526 Romae
1293 1477 1405 1526 cuncta

216 1567 393 1638 rebellionis
412 1569 505 1658 plena
524 1569 619 1636 etiam
640 1593 715 1638 suos
731 1570 865 1638 vicarios
885 1589 1051 1660 cormptos
1074 1573 1198 1660 reperit,
1222 1573 1277 1660 qui
1291 1571 1406 1640 nullius

129 1707 185 1774 145
216 1683 316 1752 divini
340 1703 392 1754 aut
416 1685 548 1754 humani
570 1686 645 1752 iuris
668 1703 722 1754 aut
745 1684 818 1754 fidei
843 1709 1015 1768 memores,
1039 1711 1153 1777 neque,
1172 1687 1260 1777 quod
1279 1689 1407 1778 praesti·

217 1819 328 1884 terant,
348 1801 527 1882 iuramenti,
545 1821 692 1890 gerentes
706 1801 852 1870 animum
871 1801 1050 1871 rebellionis
1074 1821 1182 1872 eontra
1208 1825 1329 1892 regem,
1348 1824 1406 1871 nee

219 1917 401 1986 vicariatum
421 1939 480 1984 nec
503 1916 701 2006 Capitolium
721 1917 888 1988 ludovico
910 1916 1041 1988 reddere
1065 1919 1235 1988 voluerunt
1250 1921 1293 1988 (¹).

285 2033 417 2100 interim
439 2055 494 2100 rex
514 2031 554 2100 de
574 2033 673 2103 lanua
693 2035 780 2102 Pisas
800 2035 887 2104 venit
902 2035 948 2116 (²),
964 2035 1059 2102 maris
1073 2035 1132 2104 iter
1147 2055 1270 2117 tenens,
1286 2037 1408 2106 cunctis

218 2147 380 2217 itineribus
399 2149 594 2218 terrestribus
609 2149 833 2240 Guelphorum
848 2171 943 2239 opera
957 2173 1014 2240 per
1028 2169 1144 2218 terram
1160 2149 1282 2218 clausis.
1329 2151 1408 2217 iam-

131 2287 141 2332 r
150 2285 191 2352 50
218 2285 280 2352 que
292 2283 358 2330 erat
369 2284 472 2330 annus
484 2263 617 2332 Domini
632 2263 833 2352 l.ucccxrr.;
846 2262 952 2354 ibique
966 2265 1082 2334 Pisano
1094 2265 1215 2355 populo
1231 2263 1408 2334 admodum

219 2378 357 2448 duorum
373 2379 533 2448 mensium
551 2381 690 2470 spatium
703 2401 829 2450 moram
848 2381 950 2464 traxit,
963 2381 1049 2450 nulla
1064 2401 1174 2451 contra
1193 2381 1324 2450 rebelles
1343 2382 1410 2450 Tu·

219 2517 291 2564 scos
302 2497 444 2564 novitate
455 2515 601 2586 suscepta
613 2495 696 2578 belli,
710 2495 800 2564 salvo
812 2495 899 2586 quod
912 2495 1075 2566 voluntate
1087 2497 1171 2586 regis
1185 2519 1241 2586 per
1252 2495 1410 2564 marchio·

219 2635 276 2680 nes
292 2611 487 2702 Malaspinae
510 2609 628 2682 bellum
653 2611 790 2680 Lucanis
808 2609 963 2682 indictum
980 2631 1074 2702 atque
1097 2631 1283 2702 susceptum
1301 2633 1349 2682 est
1364 2613 1409 2678 (⁵).

221 2821 294 2876 «dos
319 2831 464 2894 postquam
489 2837 574 2876 annus
599 2819 690 2876 finitus
713 2819 792 2875 luerit
839 2822 995 2878 «continuo
1005 2839 1098 2878 versus
1109 2821 1260 2888 Urbem;et
1270 2821 1344 2896 quod
1354 2821 1411 2894 ipse

221 2905 562 2978 «supradictusvidellcet
577 2905 792 2976 aproximisla·
839 2905 897 2960 «de
922 2906 1056 2962 Sabaudia
1080 2906 1235 2978 increpatus
1263 2919 1302 2961 est
1335 2907 1412 2962 dietis

221 2988 333 3045 «lendis
348 2989 414 3044 maii
432 2987 466 3042 ad
481 2987 609 3044 kalendas
624 2993 731 3062 angusti
745 2991 793 3044 im·
838 2989 964 3046 «litteris
987 2991 1021 3044 de
1044 3007 1079 3045 eo
1101 2989 1174 3062 quod
1194 2990 1228 3044 ad
1252 2989 1354 3045 Urbem
1377 2991 1413 3044 di·

221 3073 364 3128 «mediate
372 3073 688 3146 sequentis,presentium
698 3085 792 3130 tenore
839 3075 938 3130 «stuiit
951 3091 980 3128 se
993 3073 1152 3130 conferre».
1190 3073 1305 3130 Cldoc.
1319 3075 1346 3129 in
1360 3075 1412 3130 Bo·

223 3157 444 3212 «committimus
474 3158 691 3214 exercendum».
729 3157 792 3212 Non
838 3175 929 3226 narrar,
956 3174 1000 3231 op.
1029 3158 1073 3212 rit.
1093 3157 1126 3224 ll,
1148 3156 1182 3212 86
1201 3175 1215 3212 e
1235 3175 1310 3228 segg.
1350 3157 1413 3212 Tali

221 3241 246 3296 si
261 3243 295 3296 ha
308 3239 409 3295 dubbio
422 3241 473 3295 che
487 3241 511 3295 la
525 3241 627 3312 dignita
637 3241 674 3312 gli
687 3239 714 3296 iu
728 3259 792 3296 con·
839 3243 946 3308 notizie,
965 3259 994 3296 se
1010 3257 1075 3312 pure
1101 3257 1170 3296 sono
1197 3241 1355 3306 attendibili,
1374 3241 1411 3294 la·

221 3325 334 3382 iermata
357 3326 447 3382 ditae
472 3327 498 3380 in
522 3341 563 3382 tre
582 3327 659 3382 mesi.
695 3325 793 3382 None
838 3327 952 3382 rebbero
976 3327 1086 3380 eredere
1112 3325 1163 3380 che
1191 3325 1211 3380 il
1230 3325 1364 3380 Senatore
1386 3327 1413 3378 di

222 3409 308 3466 inlatti
335 3423 433 3478 esatto,
456 3413 577 3467 comesi
602 3412 687 3484 ripere
711 3429 793 3482 gene·
839 3411 928 3466 Roma
948 3427 1042 3466 avesse
1071 3409 1097 3464 di
1125 3425 1217 3464 nuovo
1238 3409 1349 3464 laseiata
1369 3409 1414 3464 nel

222 3496 362 3561 ralmente,
387 3495 486 3568 ch'egli
507 3509 627 3552 entrasse
651 3497 677 3550 in
702 3497 793 3552 officio
840 3495 957 3568 germaio
978 3495 1020 3549 del
1043 3511 1109 3564 13¹²
1129 3495 1155 3548 la
1175 3511 1246 3566 poco
1268 3493 1413 3566 tranquilla

222 3580 267 3636 nel
286 3581 404 3650 germaio
422 3581 467 3636 del
489 3596 562 3648 tart.
840 3581 946 3635 dimota
983 3579 1026 3634 del
1065 3579 1212 3644 Laterano,
1248 3581 1282 3634 nb
1320 3595 1414 3632 aresse-

257 3651 795 3732 (1)EcertocltelodoviaodiSavoia
840 3677 936 3735 troppa
955 3663 1047 3735 voglia
1076 3663 1102 3716 di
1130 3663 1281 3718 ritornarvi.
1317 3659 1361 3716 cl.
1387 3663 1414 3714 in

223 3747 795 3806 leceritomoaliornanelnovembredel
841 3748 995 3820 proposito:
1030 3747 1250 3812 Gnenonovrus,
1277 3745 1362 3801 Storio
1390 3745 1415 3798 di

225 3847 268 3902 131
279 3849 299 3898 ις
310 3847 417 3888 marton
428 3835 507 3888 riusel
518 3837 551 3888 nb
562 3833 595 3888 ad
606 3833 748 3889 archetare
759 3833 795 3906 gli
842 3835 922 3888 Romo
947 3833 986 3886 nel
1010 3831 1088 3886 medio
1113 3849 1168 3896 cuo,
1188 3829 1318 3896 Veneria,
1340 3831 1415 3899 1875,

224 3917 797 3990 Orsini,ntapersuadereGiovannidiCa·
842 3917 888 3982 Vl,
907 3933 932 3988 p.
951 3917 986 3982 ⁴3
1011 3931 1026 3970 e
1050 3931 1109 3986 sgg.
1147 3915 1226 3970 Dmo
1251 3915 1416 3976 Conraorr,

223 4001 306 4055 labria
320 4001 352 4056 ad
367 4003 556 4056 abbandonare
572 4001 669 4056 Roma.
712 4001 722 4054 1
737 4001 795 4056 Fio·
841 4001 888 4066 111,
900 4015 947 4066 xx,
957 4013 1166 4056 erroneamente
1180 4016 1302 4054 aecenna
1316 3997 1348 4052 ad
1363 4015 1416 4052 una

223 4085 328 4150 rentini,
339 4084 390 4140 che
401 4085 590 4140 inlorrnavano
600 4103 628 4140 re
637 4084 757 4138 Roberto
768 4085 794 4138 di
840 4085 959 4140 seconde
979 4085 1158 4140 ambascleria
1182 4084 1209 4138 di
1229 4083 1371 4139 lodovico
1390 4083 1416 4136 di

223 4171 287 4236 ogni
303 4169 417 4224 minima
437 4169 531 4224 arione
550 4167 611 4224 dell·
621 4171 793 4240 imperatore,
840 4169 939 4224 Savola
959 4184 1053 4240 presso
1072 4165 1097 4222 la
1118 4167 1246 4238 Signoria
1264 4165 1416 4228 florentina,

223 4255 260 4321 gli
287 4255 506 4310 comanitas-ano
533 4253 570 4308 tt
596 4251 716 4308 lebbraio
740 4251 794 4307 del·
840 4267 920 4308 come
939 4263 1072 4306 avvenuta
1089 4251 1116 4304 in
1132 4249 1195 4321 quel
1210 4261 1304 4320 tempo
1324 4248 1416 4302 mede·

222 4340 315 4395 l'anno
334 4351 464 4408 sequente
483 4353 586 4410 quanto
605 4353 702 4408 segue:
724 4353 794 4392 «no
839 4337 921 4392 simo.
958 4335 999 4390 cf.
1017 4338 1043 4389 in
1064 4335 1205 4408 proposito
1224 4331 1249 4386 le
1269 4333 1357 4402 gluste
1373 4347 1416 4384 os·

223 4443 237 4472 a
247 4425 316 4477 verit
335 4424 444 4494 insuper
462 4423 537 4492 regia
556 4421 689 4476 celsitudo
713 4423 796 4493 quod,
842 4420 993 4476 servariooi
1009 4419 1035 4472 di
1051 4421 1068 4474 l.
1080 4419 1140 4474 Dra
1154 4418 1258 4472 Luttoo
1272 4417 1299 4470 in
1314 4431 1358 4488 op.
1373 4415 1417 4470 cit.

223 4521 380 4579 «prootpcr
390 4521 482 4578 captas
496 4507 603 4562 litteras
616 4507 758 4572 habemus,
770 4519 796 4560 et
843 4505 876 4572 ll,
892 4521 939 4572 aur
960 4521 975 4558 e
994 4519 1053 4572 agg.

222 4590 797 4664 ealias,quaeLudoticodeSabaudiaper
877 4589 920 4659 (a)
941 4587 962 4642 ll
982 4587 999 4642 6
1019 4603 1111 4640 marro
1131 4587 1157 4638 di
1184 4583 1358 4658 quell'anno;
1384 4581 1418 4636 el.

223 4679 405 4748 «episcopum
419 4677 453 4732 de
470 4675 559 4742 Legro
574 4689 601 4730 et
617 4675 684 4730 alios
702 4677 795 4730 micte-
842 4675 972 4737 Banasa,
991 4689 1035 4744 op.
1064 4671 1109 4724 cit
1135 4689 1161 4742 p.
1181 4671 1247 4740 2983
1266 4668 1292 4722 vi
1312 4669 1334 4724 si
1353 4681 1416 4722 trat-

223 4779 236 4806 a
247 4761 351 4824 bantur,
370 4761 427 4830 ipse
451 4777 495 4812 rer
516 4757 694 4812 Alamanniae
714 4761 797 4812 inttu·
841 4771 922 4812 tenne
938 4757 1000 4812 sino
1016 4755 1041 4808 al
1058 4771 1089 4824 23
1107 4753 1200 4825 aprile.

223 4865 235 4888 a
247 4845 285 4898 dit
300 4845 358 4898 sine
372 4843 501 4898 dilatione
516 4842 590 4898 Pisas
601 4843 757 4916 procedere,
771 4855 796 4896 et
877 4841 921 4912 (3)
941 4839 1021 4896 Delia
1041 4855 1103 4894 casa
1123 4837 1273 4909 blalaspina
1293 4835 1417 4908 magnifi-
