3860 5884
462 501 506 568 26
934 509 1179 567 HISTORIA

528 737 582 819 Hi,
612 734 719 804 multis
746 732 931 824 specialibus
951 733 1082 816 onerati,
1102 733 1141 800 ad
1169 754 1280 822 regem
1307 729 1382 800 fidei
1400 729 1517 800 litteras
1540 752 1650 798 secum

461 853 566 921 ferunt
585 875 620 920 ac
644 871 781 918 causam.
828 850 929 918 invito
952 873 1077 939 semper
1100 847 1262 930 Guidone,
1292 847 1371 916 haec
1394 865 1462 916 acta
1484 845 1580 915 fuisse
1603 845 1650 914 di·

463 987 588 1051 cuntur,
606 990 702 1056 quem
722 967 755 1034 in
774 967 866 1035 huius
885 965 894 1056 l
914 965 1036 1034 consilii
1054 965 1195 1034 discessu
1217 963 1333 1034 dixisse
1356 963 1470 1032 fertur:
1491 985 1650 1032 vsummo

463 1083 569 1152 studio
593 1104 811 1174 procuramus,
835 1080 929 1150 video
953 1099 1091 1150 mortem
1118 1099 1261 1148 nostram
1279 1105 1310 1148 a.
1356 1101 1416 1150 nec
1443 1077 1540 1147 falsus
1562 1096 1650 1146 vates
1678 1106 1722 1174 3⁰

462 1200 530 1268 fuit
599 1223 674 1266 nam
701 1193 780 1266 niliil
804 1197 891 1266 dubii
914 1217 961 1266 est
988 1199 1066 1288 quin
1089 1197 1220 1266 eventui
1244 1197 1327 1286 regis
1353 1193 1442 1264 facile
1467 1195 1568 1264 resisti
1592 1217 1651 1284 po·

462 1317 605 1398 tuissent,
620 1337 679 1382 uec
691 1314 788 1382 etiam
802 1313 881 1381 fines
894 1315 1048 1402 Ligurum
1065 1313 1228 1402 attigisset,
1244 1312 1270 1378 si
1283 1311 1322 1380 ad
1337 1307 1548 1378 resistendum
1563 1331 1651 1398 prae-

462 1431 516 1498 fati
549 1430 705 1520 principes
730 1429 964 1498 convenissent.
1028 1451 1140 1497 verum
1165 1427 1306 1515 tyrannis
1330 1425 1496 1495 modicum
1519 1447 1652 1514 regnare

462 1567 652 1614 concessum
671 1564 729 1629 est,
748 1545 803 1634 qui
822 1544 957 1612 iustitiae
977 1545 1100 1612 bonum
1119 1545 1273 1627 nesciunt,
1293 1565 1374 1632 quae
1396 1542 1465 1610 sola
1482 1561 1650 1632 regnantes

414 1677 416 1684 ’
462 1659 575 1728 firmat.
636 1661 765 1749 insuper
788 1659 947 1729 Guidonis
969 1661 1124 1749 potentia,
1151 1659 1232 1728 adeo
1255 1659 1397 1726 maxima
1419 1657 1582 1726 laborabat
1604 1659 1651 1726 in·
1680 1685 1719 1752 35

462 1773 557 1858 vidia,
577 1793 611 1843 ut
631 1776 727 1844 etiam
745 1798 826 1864 quos
840 1775 951 1842 domui
963 1798 1038 1842 suae
1057 1774 1257 1864 praefecerat,
1277 1774 1388 1843 vicinis
1406 1775 1481 1858 suis,
1502 1793 1537 1842 ut
1559 1797 1652 1864 saepe

463 1889 586 1973 accidit,
604 1891 712 1963 nescio
735 1891 843 1958 livoris
867 1913 994 1958 veneno
1017 1891 1120 1980 magis
1143 1911 1240 1980 quam
1265 1891 1343 1959 vitio
1366 1890 1541 1980 superbiae,
1559 1914 1651 1980 aegre

463 2004 565 2073 ferant
573 2029 672 2095 penes
686 2005 824 2075 eundem
835 2029 904 2074 esse
916 2007 1107 2096 principatus
1116 2029 1278 2076 summam
1286 2007 1381 2097 partis
1391 2029 1478 2090 suae,
1484 2009 1659 2098 ipsumque-

463 2118 527 2188 fere
552 2121 673 2189 cunctis
693 2120 861 2210 liguribus
882 2120 920 2188 ad
936 2121 1060 2190 libitum
1080 2123 1201 2190 amicos
1226 2141 1362 2191 rectores
1381 2120 1464 2192 dare.
1521 2123 1566 2190 sic
1588 2141 1652 2192 ete·
1690 2185 1696 2196 .

464 2238 531 2303 nim
539 2236 574 2291 (⁸)
585 2236 622 2304 ab
636 2236 767 2325 antiquo
778 2255 941 2304 servatum
954 2255 1011 2320 est,
1021 2256 1056 2306 ut
1069 2238 1124 2328 qui
1135 2239 1144 2328 l
1155 2239 1187 2306 in
1200 2237 1386 2306 Mediolano
1397 2255 1530 2328 praeest,
1539 2238 1654 2328 praesit
1680 2261 1724 2330 40

464 2352 560 2420 etiam
581 2353 614 2419 in
638 2351 767 2440 Liguria
791 2353 921 2420 caeteris
944 2351 1089 2420 factionis
1114 2375 1200 2422 suae.
1245 2377 1349 2443 neque
1372 2353 1460 2422 euim
1479 2351 1653 2422 Mediolani

464 2466 559 2535 etiam
583 2467 663 2534 intra
686 2467 814 2534 moenia
838 2487 948 2536 contra
964 2469 1069 2558 ipsum
1092 2467 1277 2538 Guidonem
1297 2467 1405 2536 deerat
1422 2465 1558 2552 invidia,
1575 2469 1652 2559 quin

462 2583 566 2650 immo
582 2581 685 2650 multo
704 2582 805 2650 maior
820 2602 852 2651 et
867 2583 974 2652 senior
995 2603 1062 2652 erat
1080 2583 1253 2652 domestica
1273 2607 1370 2674 quam
1391 2604 1530 2653 externa.
1577 2607 1652 2652 nam

463 2699 602 2788 plerique
615 2717 806 2787 agnatorum
819 2699 916 2766 etiam
930 2700 1151 2789 proximorum
1167 2700 1283 2768 domus
1298 2723 1383 2785 suae,
1396 2725 1435 2770 ex
1447 2723 1512 2791 quo
1525 2700 1652 2770 titulum

465 2812 693 2884 dominationis
707 2815 741 2882 in
760 2814 844 2884 cives
863 2834 1050 2905 sumpserat,
1065 2815 1258 2884 inexorabile
1273 2816 1385 2886 odium
1400 2839 1439 2884 eo
1458 2817 1529 2906 ipso
1544 2835 1653 2884 contra
1681 2838 1722 2904 45

464 2954 498 2998 se
517 2949 682 3020 sumptum
699 2953 876 3020 numquam
891 2933 1079 3000 remiserant
1085 2957 1094 3016 ;
1110 2932 1213 3000 immo
1229 2931 1392 3016 hostiliter,
1406 2950 1441 3000 ut
1456 2933 1564 3016 fertur,
1579 2954 1653 3000 cum

463 3045 654 3136 primoribus
679 3045 830 3114 adversae
854 3047 952 3137 partis
975 3065 1195 3130 tractaverant,
1218 3069 1254 3115 ac
1282 3065 1526 3137 procuraverant
1548 3047 1653 3116 turba-

464 3161 587 3230 tionem
618 3180 716 3230 status
744 3163 802 3230 sui.
850 3162 938 3230 cuius
961 3162 1005 3230 rei
1028 3159 1129 3230 fixerat
1161 3181 1271 3232 auctor
1294 3163 1393 3232 Casto
1425 3163 1505 3232 della
1539 3163 1653 3245 Turre,

466 3281 596 3348 Muscae
610 3277 692 3346 filius
713 3278 966 3368 archiepiscopus
981 3275 1166 3361 Mediolani,
1182 3280 1236 3369 qui
1255 3301 1310 3369 per
1325 3281 1463 3368 speciem
1478 3279 1654 3350 subsidium

467 3393 562 3462 dandi
581 3392 728 3460 cardinali
745 3392 784 3460 de
799 3391 990 3485 [Peregruo]
1003 3393 1048 3474 (l),
1067 3395 1122 3482 qui
1140 3393 1180 3462 ad
1196 3393 1430 3462 defendendam
1449 3394 1560 3464 urbem
1580 3397 1655 3464 Fer·
1684 3413 1727 3478 50

466 3508 590 3592 rariam,
609 3531 627 3574 a
645 3509 779 3576 Venetis
798 3507 956 3578 Ecclesiae
979 3505 1131 3590 deditam,
1151 3531 1169 3577 a
1187 3532 1318 3579 summo
1335 3510 1486 3600 pontifice
1505 3510 1627 3600 legatus
1646 3513 1655 3602 ss

467 3624 578 3708 fuerat,
598 3647 661 3694 una
676 3625 710 3682 (ὓ)
723 3649 797 3694 cum
817 3625 934 3694 Galeaz
952 3626 1160 3711 vicecomite,
1185 3647 1261 3696 tunc
1284 3627 1375 3695 exule
1394 3627 1580 3712 Mediolani,
1603 3649 1656 3695 oc·

469 3740 552 3810 culta
571 3739 702 3810 consilia
713 3739 832 3809 ibidem
851 3739 998 3810 habuisse
1018 3740 1131 3810 dicitur
1150 3761 1260 3810 contra
1275 3741 1474 3827 Guidonem,
1491 3741 1577 3810 diem
1594 3761 1655 3810 sta·

470 3875 606 3940 tuentes,
625 3879 690 3947 quo
709 3857 776 3947 ipse
795 3857 913 3926 Galeaa
927 3879 1002 3926 cum
1018 3858 1147 3926 caeteris
1163 3857 1317 3942 exulibus,
1334 3876 1366 3925 et
1387 3879 1461 3926 cum
1477 3858 1655 3926 amicorum

469 3970 617 4054 exfortio,
637 3973 767 4041 traiecto
783 3971 915 4040 flumine
931 3971 1075 4056 Abduae,
1091 3972 1341 4042 Ambrosianum
1358 3995 1470 4064 agrum
1487 3993 1657 4064 occupent,
1688 3993 1701 4054 5
1708 3992 1724 4057 5

471 4087 587 4158 deinde
619 4087 731 4156 urbem
763 4087 925 4156 accedant.
972 4113 1095 4172 verum,
1123 4109 1195 4158 ante
1227 4089 1320 4159 huius
1349 4091 1394 4158 rei
1422 4090 1656 4173 executionem,

471 4203 588 4288 Guido,
609 4201 641 4272 id
669 4203 818 4286 sentiens,
839 4203 1015 4272 Castonem
1040 4223 1070 4272 et
1091 4203 1275 4274 infradictos
1295 4203 1404 4274 fratres
1423 4207 1491 4274 eius
1517 4206 1599 4296 cepit
1609 4207 1657 4288 (ἃ),

523 4439 683 4496 (amberiam
736 4438 1146 4496 (blflnoatemcxcaitrstaetlb
1204 4441 1405 4497 (etAmAbubi
1452 4442 1658 4497 (cinanmom-

472 4519 626 4576 maoecoeplt

472 4719 497 4774 ci
510 4734 581 4774 sono
593 4717 658 4784 dari,
674 4719 742 4776 sulla
757 4719 818 4775 fede
831 4737 887 4776 uon
902 4723 1044 4793 sappiamo
1062 4721 1090 4776 di
1101 4721 1180 4794 quale
1194 4722 1322 4788 crouista,
1332 4723 1376 4778 dal
1392 4736 1473 4780 conte
1486 4723 1659 4792 G.Grur.nu,

473 4817 517 4874 op.
536 4802 589 4868 cit,
608 4815 682 4874 parte
701 4802 777 4870 Vlll,
796 4821 821 4875 p.
833 4803 890 4872 585.
