3874 5886
482 571 520 619 12
948 567 1194 624 HISTORIA

477 792 581 860 maior
598 813 669 882 pars
687 789 857 861 incolumis
879 789 979 858 Veios
997 787 1148 878 profugit
1195 787 1281 858 unde
1303 811 1371 856 non
1392 787 1494 857 modo
1517 787 1664 879 praesidii

476 907 659 1000 quicquam,
677 904 785 975 sedne
799 904 929 996 quidem
948 903 1085 973 nuncius
1104 906 1244 975 Romam
1262 904 1377 972 missus
1397 921 1455 970 est.
1501 924 1519 968 a
1538 901 1662 972 destero

477 1045 578 1092 cornu
592 1021 680 1113 quod
694 1020 831 1111 procula
843 1020 987 1105 flumine,
998 1038 1029 1088 et
1039 1019 1142 1110 magis
1153 1018 1213 1088 sub
1225 1036 1337 1088 monte
1349 1036 1510 1101 steterant,
1523 1020 1663 1089 Romam

476 1160 590 1207 omnes
607 1138 736 1228 petiere.
781 1154 823 1218 et,
843 1158 903 1204 nec
921 1137 1017 1203 etiam
1032 1133 1117 1203 urbis
1132 1134 1244 1204 clausis
1258 1135 1368 1226 portis,
1387 1135 1421 1202 in
1442 1155 1546 1203 arcem
1567 1133 1663 1223 Capi·
1689 1152 1734 1200 20

475 1252 630 1322 tolient>
652 1249 918 1341 coniugenmt<¹>.
961 1249 1044 1320 Galli
1063 1268 1129 1318 tam
1148 1249 1331 1340 repentinae
1343 1249 1495 1318 victoriae
1508 1248 1661 1317 miraculo

474 1365 649 1456 stupefacti,
669 1388 736 1434 non
759 1366 876 1434 eodem
895 1365 957 1448 die,
977 1388 1051 1434 cum
1069 1363 1171 1455 spolia
1190 1362 1381 1433 cadaverum
1398 1363 1542 1453 legentes
1565 1363 1661 1452 prius,

474 1497 509 1548 ut
526 1481 576 1548 sui
594 1481 692 1548 moris
710 1498 769 1562 est,
793 1481 825 1548 in
844 1479 853 1572 l
872 1479 1038 1549 cumulum
1064 1496 1298 1561 coacervarent,
1320 1477 1434 1547 urbem
1452 1478 1498 1546 eis
1521 1496 1661 1568 paratam

474 1595 587 1685 apertis
605 1595 704 1687 portis
722 1596 838 1665 intrare
849 1595 1032 1678 voluerunt,
1047 1613 1078 1663 et
1096 1616 1171 1662 cum
1184 1616 1283 1684 prope
1298 1612 1442 1685 patentes
1458 1613 1564 1684 portas
1576 1594 1661 1662 urbis

472 1711 688 1793 accessissent,
700 1709 830 1778 insidias
841 1711 1047 1800 suspicantes,
1058 1709 1205 1795 timuere,
1216 1728 1248 1778 et
1259 1709 1415 1777 idoneum
1427 1709 1578 1798 temporis
1592 1732 1662 1799 spa·
1688 1728 1730 1795 25

472 1825 556 1895 tium
573 1826 731 1894 iuvenmti
752 1827 918 1896 Romanae
937 1825 976 1894 ad
999 1823 1235 1894 defendendam
1254 1823 1378 1909 urbem,
1395 1823 1476 1894 dum
1499 1823 1561 1892 fata
1579 1827 1661 1894 sine·

472 1961 554 2028 rent,
573 1942 700 2013 dabant.
746 1965 828 2033 quae
851 1940 922 2009 solo
946 1941 1109 2032 Capitolio
1133 1959 1293 2024 contenta,
1320 1941 1437 2010 relictis
1463 1940 1601 2024 senibus,
1625 1963 1661 2010 ac

473 2076 595 2126 caetera
619 2057 708 2126 mrba
732 2057 894 2146 utriusque
918 2079 1012 2125 sexus
1035 2057 1124 2146 vulgi
1153 2055 1316 2124 orantibus
1340 2057 1436 2124 etiam
1458 2055 1603 2147 patritiis,
1625 2078 1662 2123 ac

472 2171 716 2261 triumphalibus
736 2171 864 2240 senibus
883 2171 923 2238 ad
942 2189 1081 2239 mortem
1100 2169 1237 2253 devotis,
1256 2189 1292 2239 ut
1309 2192 1408 2239 nemo
1426 2169 1547 2240 inutilis
1567 2169 1662 2237 armis

473 2306 618 2356 oneraret
641 2287 796 2376 inopiam,
819 2286 956 2356 obsessis
980 2309 1086 2356 arcem
1109 2285 1305 2370 ascendite),
1332 2287 1442 2355 locum
1464 2288 1571 2376 ipsum
1598 2283 1662 2354 iru-
1690 2305 1733 2370 30

471 2421 583 2471 mento
608 2419 702 2493 atque
722 2403 828 2485 armis,
848 2422 882 2472 ut
900 2421 1045 2492 possunt,
1069 2403 1229 2472 muniunt.
1275 2401 1356 2470 haec
1374 2401 1457 2469 inter
1480 2399 1661 2469 consulates

471 2518 612 2586 seniores
624 2519 720 2585 morti
735 2517 908 2588 destinatos
918 2519 1032 2587 iactata
1044 2517 1165 2587 solatia.
1209 2539 1318 2586 versae
1338 2515 1411 2585 inde
1425 2515 1661 2584 adhortationes

471 2633 512 2701 ad
530 2635 685 2702 iuvenum
708 2655 837 2725 agmen,
861 2657 942 2725 quos
965 2636 1000 2703 in
1024 2633 1221 2724 Capitolium
1244 2651 1338 2724 atque
1357 2621 1464 2701 arcein
1487 2653 1659 2723 proseque-

470 2749 595 2832 bantur,
608 2749 871 2818 commendantes
883 2751 993 2820 virtuti
1005 2772 1118 2818 eorum
1132 2772 1353 2841 quaecumque
1365 2765 1449 2818 esset
1461 2747 1580 2838 reliqua
1597 2746 1660 2815 ior·

470 2881 548 2932 tuna
566 2863 652 2932 urbis
668 2863 747 2932 olim
762 2863 900 2932 victricis
915 2863 1066 2932 omuibus
1082 2862 1171 2933 bellis
1190 2864 1234 2932 (²).
1280 2863 1449 2955 pleraeque
1468 2880 1577 2930 tamen
1593 2883 1661 2930 ma·
1689 2879 1728 2946 35

469 2979 652 3069 tronaruml
663 3001 739 3047 suos
751 3001 852 3069 usque
865 2979 898 3048 in
909 3000 1015 3048 arcem
1026 2997 1214 3070 prosecutae
1226 2999 1312 3063 sunt,
1321 3002 1381 3048 nec
1392 2977 1580 3068 prohibente
1593 2977 1660 3046 ullo

469 3116 528 3162 nec
541 3113 689 3179 vocante,
708 3095 792 3184 quia,
807 3094 894 3184 quod
910 3095 986 3163 utile
1003 3113 1079 3178 erat,
1096 3093 1232 3164 obsessis
1247 3096 1391 3164 minuere
1411 3093 1530 3161 scilicet
1549 3092 1660 3162 imbel-

469 3207 533 3276 lem
545 3207 795 3294 multitudinem,
808 3208 840 3278 id
849 3231 962 3300 parum
972 3211 1151 3278 humanum
1166 3229 1232 3278 erat
1243 3209 1288 3278 (³).
1324 3207 1464 3300 plerique
1479 3227 1510 3277 et
1519 3207 1659 3276 maxime

468 3323 610 3394 seniores
629 3343 737 3417 captae
758 3325 854 3408 urbis,
873 3325 972 3393 exitio
996 3347 1063 3393 non
1081 3347 1245 3414 superesse
1263 3341 1448 3406 statuentes,
1467 3325 1658 3393 vestimenta

521 3513 553 3569 (ι)
568 3514 609 3558 Aa
623 3519 646 3558 et
659 3525 701 3558 uec
714 3512 799 3560 clausis
811 3511 879 3558 etlam
889 3511 960 3571 portia
968 3511 1035 3558 Urbis
1045 3511 1110 3558 inane
1124 3511 1260 3570 Capitolium
1316 3512 1346 3570 (b)
1360 3513 1402 3556 Aa
1414 3515 1592 3558 monomenta
1605 3522 1659 3556 oue

466 3601 529 3638 ratur
542 3591 641 3650 inopiam
653 3591 750 3636 abrensis
764 3603 839 3637 ercan
852 3591 999 3637 ascenderent

503 3753 547 3822 (1)
566 3749 650 3806 Turta
668 3750 695 3806 la
713 3751 801 3824 prima
820 3763 895 3826 parte
913 3751 957 3807 del
973 3755 1043 3826 capi·
1087 3771 1102 3802 r
1113 3763 1169 3807 tem
1187 3750 1357 3824 eligentibus,
1378 3767 1459 3824 quam
1483 3751 1658 3807 obsessorum

467 3835 535 3900 tolo,
551 3833 601 3889 ebe
616 3833 635 3888 il
650 3851 700 3888 ms.
717 3835 738 3888 B
753 3851 809 3890 non
823 3837 847 3890 ci
860 3835 929 3890 dava
943 3835 1041 3892 intiero
1087 3836 1234 3908 «inopiam
1249 3851 1356 3907 augere.
1395 3835 1499 3892 Gladiis
1512 3836 1581 3890 datis
1590 3836 1657 3890 baec

468 3916 516 3990 (ci.
531 3929 595 3972 nota
610 3919 656 3990 pid
669 3919 763 3988 sotto),
776 3917 832 3973 lino
847 3921 908 3974 cine
926 3919 979 3975 alle
997 3937 1042 3993 pa·
1087 3941 1102 3972 a
1112 3920 1238 3975 iuventus
1248 3931 1391 3974 consumta
1399 3917 1657 3991 ioreaacpetditurn

468 4001 540 4056 rolez
568 3999 667 4058 «Galil
690 4013 747 4056 tatu
777 4003 933 4074 repentinae
957 4005 1041 4060 victo-
1086 4019 1213 4058 «nomen
1226 4003 1341 4069 Romae,
1351 4003 1402 4058 uisi
1412 4004 1590 4076 postmodum
1599 4019 1659 4076 pru·

468 4086 549 4141 «riae
564 4087 631 4142 dcc...
641 4106 667 4150 a,
682 4097 761 4140 nova
770 4085 790 4140 il
799 4103 851 4142 suo
861 4086 1039 4144 fondamento
1085 4107 1100 4138 e
1111 4087 1199 4144 dentis
1214 4089 1262 4144 dcc.
1274 4109 1298 4144 u.

467 4169 513 4224 nel
538 4185 606 4241 capo
630 4185 740 4227 xxxtnr
758 4171 802 4226 del
821 4171 890 4227 libro
909 4171 934 4226 V
953 4173 979 4228 di
998 4171 1041 4228 Le
1120 4173 1162 4242 (a)
1181 4171 1234 4226 Nel
1252 4173 1347 4229 codice
1367 4172 1387 4226 B
1407 4189 1539 4228 mancava
1554 4171 1659 4227 tuttoil

467 4269 527 4308 vt0.
564 4253 616 4309 Nel
632 4253 693 4310 cod.
709 4254 739 4324 B,
754 4255 773 4310 il
788 4265 858 4310 testo
877 4255 921 4310 del
936 4255 1039 4312 Nostro
1085 4269 1215 4311 racconto
1225 4255 1296 4312 della
1306 4271 1385 4328 presa
1396 4257 1422 4310 di
1432 4255 1521 4312 Roma
1531 4255 1574 4328 pei
1585 4253 1658 4310 Galli

466 4336 495 4392 lo
513 4337 649 4394 troviamo
667 4337 867 4412 sempliciaaato
886 4342 957 4394 coel:
977 4341 1040 4395 «At
1085 4340 1136 4395 che
1152 4339 1171 4395 il
1186 4339 1219 4396 C.
1235 4341 1320 4414 toglie
1338 4341 1365 4396 dl
1380 4356 1447 4413 peso
1467 4341 1500 4394 da
1520 4339 1554 4394 T.
1569 4339 1657 4394 livio.

468 4419 566 4476 «Fabii
578 4425 627 4478 otc.
640 4421 674 4477 Et
687 4438 738 4477 nec
749 4421 847 4478 clausis
857 4423 939 4478 etiam
955 4425 1039 4496 portis
1084 4423 1136 4480 Per
1151 4423 1170 4479 il
1185 4425 1273 4497 primo
1287 4425 1415 4497 periodo:
1431 4443 1446 4474 e
1459 4421 1532 4478 Galli
1547 4435 1604 4478 tarn
1618 4439 1658 4478 te·

469 4503 582 4571 «Urbis,
590 4507 669 4562 inane
676 4505 842 4578 Capitolium
850 4505 1037 4578 confugerunt
1084 4527 1098 4556 e
1110 4509 1237 4580 pensinae
1255 4509 1384 4564 victoriae
1403 4509 1452 4564 &a
1463 4529 1478 4558 ι
1498 4505 1530 4562 ci.
1556 4504 1591 4562 T.
1614 4505 1658 4562 Lr·

468 4587 555 4654 «Ubi,
565 4601 652 4662 capta,
661 4601 690 4646 et
702 4591 827 4646 incendio
836 4591 926 4663 posita
934 4589 1038 4663 reliqua
1083 4606 1144 4658 vro,
1159 4591 1194 4660 V,
1211 4592 1280 4666 39,§
1298 4609 1319 4648 1.

468 4669 592 4738 «Roma,
601 4673 742 4730 obsidione
755 4673 815 4730 sola
824 4673 958 4744 iuventus,
967 4691 1037 4749 quae
1118 4674 1161 4746 (3)
1181 4674 1237 4732 Cir.
1256 4674 1291 4730 T.
1307 4675 1403 4740 Lrvro,
1424 4673 1456 4740 V,
1474 4689 1520 4740 xc,
1539 4673 1555 4746 S
1575 4689 1597 4729 t.
1634 4672 1657 4728 ll

466 4773 482 4804 a
493 4753 527 4810 de
546 4753 673 4811 conflictu
692 4755 811 4813 Romam
830 4771 960 4824 evaserat,
983 4769 1038 4813 tur·
1082 4759 1380 4832 periodoeriprodotto
1392 4775 1447 4814 con
1457 4757 1580 4829 semplici
1591 4769 1657 4814 tras·

467 4839 561 4912 epiter
575 4837 665 4896 clausa
675 4838 733 4910 fuit,
745 4841 854 4898 senibus
863 4845 953 4916 potius
968 4859 1039 4900 mor·
1082 4843 1215 4916 positioni
1229 4843 1256 4900 di
1271 4843 1373 4918 parole.
