3860 5884
603 577 630 634 1.
659 576 717 632 ns
746 575 1066 633 csusruuara.
1387 581 1430 648 49

232 801 358 884 dentur,
377 800 474 891 idque
492 799 600 869 solum
619 799 737 868 hortati
748 799 783 854 (⁸)
798 817 984 890 coeperunt,
999 823 1040 868 ne
1057 798 1222 890 stipendiis
1241 801 1307 868 suis
1322 819 1434 870 contra

184 941 200 1008 5
232 919 280 988 ius
303 937 334 987 et
357 939 497 1008 aequum
516 939 627 984 secum
652 915 787 985 militare
810 935 979 1006 cogantur.
1026 935 1057 984 at
1075 917 1110 972 (⁸)
1130 916 1162 986 id
1185 915 1274 1007 quod
1294 917 1433 1008 require·

231 1032 319 1116 bant,
331 1055 391 1102 nec
410 1033 477 1102 iure
498 1033 607 1122 negari
620 1055 679 1102 nec
693 1030 785 1101 facile
797 1031 933 1102 obtineri
946 1055 1040 1122 posse
1055 1033 1088 1088 l‘)
1104 1031 1264 1117 sciebant3
1278 1057 1354 1102 nam
1373 1058 1435 1104 nec

231 1173 285 1220 rex
299 1147 456 1240 stipendia
467 1148 526 1217 sibi
539 1145 684 1217 conferre
704 1146 841 1230 volebat,
853 1171 912 1217 nec
926 1148 1075 1238 populus,
1088 1147 1379 1219 contributionibus
1392 1149 1435 1218 la·

233 1268 361 1356 tigatus,
375 1288 411 1334 ac
423 1287 526 1356 paene
538 1263 724 1346 exhaustus,
743 1287 792 1348 ea,
811 1265 871 1334 nisi
891 1283 1070 1354 cogeretur,
1084 1263 1124 1334 de
1139 1267 1307 1336 communi
1326 1265 1434 1350 tribui,

232 1383 365 1452 minime
377 1381 572 1452 consentiret
585 1381 631 1450 (¹).
678 1399 819 1450 attamen
840 1379 980 1464 insidias,
997 1398 1137 1470 utputo,
1153 1403 1219 1450 non
1233 1379 1435 1472 perpendens

167 1518 205 1567 ro
233 1521 305 1568 rex:
333 1497 464 1579 «iusta,
491 1497 606 1586 inquit,
629 1497 746 1586 petitis,
768 1518 882 1564 verum
907 1519 961 1587 per
985 1517 1195 1566 communem
1227 1517 1370 1567 vestrum
1402 1497 1434 1568 id

234 1612 300 1682 fieri
315 1611 465 1684 volumus
475 1639 507 1696 a,
520 1631 614 1704 atque
626 1612 712 1681 illico
725 1611 898 1682 Nicolaum
910 1613 1063 1682 vicarium
1079 1635 1176 1682 suum
1188 1634 1319 1698 vocans,
1333 1637 1436 1704 nego·

235 1729 314 1798 tium
331 1727 406 1798 illud
429 1728 487 1797 sibi
521 1727 706 1798 committit.
747 1729 814 1818 qui,
838 1747 953 1798 vocato
977 1747 1100 1813 senatu,
1131 1728 1220 1819 quod
1244 1729 1435 1820 consilium!

235 1843 381 1934 generale
405 1841 529 1926 dicitur,
547 1866 628 1927 rem,
647 1862 744 1934 prout
766 1863 843 1924 erat,
871 1866 1050 1934 exponens,
1070 1845 1295 1914 executionem
1319 1842 1435 1914 babere

233 1959 382 2052 postulat
429 1981 553 2042 verum,
572 1960 640 2028 sive
654 1979 842 2029 senatorum
861 1963 1002 2045 avaritia,
1019 1961 1133 2051 quibus
1149 1985 1247 2052 grave
1266 1960 1299 2030 id
1316 1962 1436 2052 stipen-

166 2098 202 2165 15
232 2075 324 2146 dium
354 2075 530 2160 videbatur,
561 2079 630 2146 sive
658 2101 734 2146 snae
764 2075 912 2146 factionis
939 2079 1081 2168 principe
1110 2079 1246 2170 quisque
1270 2099 1437 2169 corruptus

233 2191 324 2276 foret,
345 2193 377 2262 id
401 2190 524 2262 frustra·
537 2195 674 2284 petitum
697 2213 756 2262 est.
801 2195 890 2285 quod
919 2195 1057 2264 nimium
1080 2217 1174 2285 aegre
1198 2193 1268 2264 tulit
1291 2218 1359 2278 rex,
1380 2194 1437 2266 sed

234 2307 336 2378 multo
364 2311 501 2401 aegrius,
520 2309 649 2401 quoda
678 2331 773 2379 mane
803 2331 904 2400 usqne
931 2309 972 2379 ad
999 2328 1149 2380 octavam
1168 2309 1244 2380 inde
1262 2311 1387 2381 nullum
1404 2313 1437 2380 in

232 2445 343 2496 senatu
362 2449 553 2517 responsum
564 2427 614 2518 (in
627 2426 689 2518 eis)
701 2426 737 2482 (⁴)
756 2424 868 2496 datum
880 2445 938 2496 est.
985 2448 1062 2494 narn
1076 2427 1243 2511 Nicolaus‚
1259 2425 1389 2517 perditis
1403 2427 1437 2497 in

232 2561 344 2614 senatu
365 2545 452 2634 prius
471 2544 579 2614 multis
598 2541 722 2622 orando
745 2541 860 2626 verbis,
881 2565 922 2612 ne
946 2543 1082 2613 domino
1100 2567 1161 2614 suo
1180 2541 1335 2628 illuderet,
1359 2542 1437 2613 dum

163 2677 205 2728 20
233 2685 282 2730 res
312 2661 496 2730 conrmunis
531 2661 636 2750 agitur
666 2657 857 2750 abnegando
892 2680 1094 2750 responsum,
1117 2658 1158 2729 de
1181 2679 1293 2728 senatu
1328 2657 1438 2730 abiens

233 2801 345 2868 regem
360 2777 395 2834 (⁸)
421 2775 508 2847 adiit.
559 2805 576 2842 a
596 2797 724 2847 mutum
747 2795 907 2860 senatum,
931 2777 1046 2866 inquit,
1070 2776 1239 2847 sedentem
1264 2777 1296 2846 in
1321 2777 1438 2868 palatio

233 2893 377 2962 clausum
404 2913 502 2962 teneo
521 2919 552 2962 u.
609 2890 725 2961 deinde
749 2891 905 2982 exposita,
938 2909 1033 2982 prout
1068 2911 1145 2974 erat,
1168 2915 1213 2974 re,
1244 2892 1362 2962 dixisse
1390 2891 1438 2962 fe·

233 3029 327 3080 runt:
366 3007 488 3092 «iube,
518 3008 662 3092 domine,
687 3009 831 3101 captivos
858 3031 929 3078 esse
952 3009 1008 3099 qui
1034 3011 1083 3078 sui
1119 3009 1270 3100 principis
1301 3009 1437 3079 comites

232 3150 302 3195 esse
326 3125 451 3195 nolunt.
498 3126 562 3192 iam
588 3125 753 3215 utriusque
773 3123 919 3193 factionis
943 3125 1114 3216 principes,
1130 3147 1197 3194 non
1217 3143 1249 3194 te
1271 3105 1438 3209 auctore,l

162 3259 202 3328 25
232 3241 289 3311 sed
307 3241 343 3296 (¹)
363 3241 474 3324 inscio,
495 3239 685 3324 concordes,
702 3240 779 3332 quid
798 3239 944 3310 subditus
960 3237 1096 3310 domino
1114 3257 1261 3310 teneatur
1280 3241 1438 3324 nesciunt,

231 3357 308 3448 quin
329 3357 432 3424 immo
447 3357 480 3425 in
499 3375 573 3426 tuae
588 3358 765 3447 potentiam
781 3355 953 3426 maiestatis
972 3357 1131 3426 saeviunt.
1177 3356 1303 3425 sensisti
1319 3353 1438 3424 Galeaz

233 3493 265 3542 et
278 3471 539 3542 Francischinum
551 3471 591 3541 ad
603 3472 802 3564 colloquium
815 3474 941 3542 venisse
955 3473 1001 3556 (¹),
1018 3495 1158 3565 quorum
1171 3471 1302 3541 consilia
1315 3473 1437 3542 nescire

233 3591 315 3659 licet.
362 3613 442 3680 quae
461 3591 558 3680 igitur
581 3589 825 3681 conspirationis
848 3591 939 3682 signa
964 3610 1018 3660 aut
1043 3608 1234 3680 argumenta
1257 3589 1438 3659 ulteriusel

233 3704 414 3799 quaerenda
432 3707 534 3776 sunt?
578 3703 655 3798 quid
675 3709 817 3798 ingratae
837 3705 923 3775 urbis
941 3729 1054 3796 pacem
1074 3702 1196 3774 damno
1210 3723 1267 3774 tuo
1287 3705 1438 3794 quaeris?

163 3841 206 3908 30
233 3823 277 3906 hi,
298 3821 398 3906 vides,
423 3821 529 3892 stolidi
555 3823 642 3892 cives
668 3841 760 3906 sunt;
781 3845 947 3914 nunquam
967 3823 1090 3912 integra
1116 3821 1243 3892 civitate
1261 3821 1438 3912 principem

283 4034 451 4088 (aldone-are
505 4031 784 4088 (bllaAaaaaacal'at
838 4031 1150 4086 ternantnnenaclebant
1204 4029 1438 4088 (dllaflbmca

233 4111 299 4158 laeia
352 4109 573 4170 (ellabadregem
616 4111 797 4166 tllfibaerum
845 4109 1245 4170 (glflbadcolloqniaonnvauiaae
1293 4109 1438 4168 (lilalterlaa

235 4193 414 4240 mal-Bb

268 4385 312 4454 (t)
325 4403 339 4434 a
351 4383 464 4456 insuper
473 4395 501 4438 et
510 4381 629 4438 maioma
639 4381 721 4438 futuri
733 4399 812 4439 acau-
857 4403 871 4434 ι
883 4395 932 4450 est,
948 4383 1063 4440 alterum
1077 4383 1164 4456 plebis
1177 4393 1371 4456 praegravatae
1384 4381 1437 4438 aol-

234 4467 312 4522 «dall
322 4467 428 4524 subiere
438 4483 560 4524 caussae.
595 4467 731 4524 Namillis
740 4485 810 4542 pene
857 4467 962 4524 «vendi
986 4467 1066 4534 aeris,
1096 4467 1213 4524 alterum
1240 4466 1378 4540 utriusque
1400 4465 1438 4522 ia·

234 4551 354 4608 «diebus
369 4551 472 4608 Caesar
496 4551 610 4626 Papiam
626 4565 810 4626 promoturus,
859 4553 982 4608 actionis
997 4551 1141 4618 nobilium,
1156 4551 1230 4608 hunc
1246 4563 1321 4608 carta
1340 4551 1436 4608 urbem

233 4657 247 4686 ι
258 4636 382 4694 delectos
396 4653 429 4692 ea
445 4637 594 4694 maionbua
608 4653 702 4694 aecum
716 4637 755 4693 ire
768 4639 812 4694 de·
858 4637 984 4692 «exitum
1006 4653 1063 4692 non
1078 4647 1184 4692 tantum
1200 4635 1314 4692 militiae
1330 4635 1437 4692 comiti·

234 4741 248 4768 a
260 4719 345 4775 crevit
352 4719 384 4776 ad
395 4735 429 4777 .c.
437 4721 544 4778 circiter
552 4737 708 4788 numerum,
716 4723 812 4796 quinus
859 4737 989 4794 evaque
1004 4720 1114 4792 reginae
1129 4719 1270 4788 indicium,
1289 4719 1337 4776 aed
1352 4719 1435 4776 futuri

234 4825 248 4854 ι
259 4803 294 4860 de
313 4803 423 4876 publico
442 4805 576 4879 stipendia
594 4807 652 4860 dati
673 4817 812 4872 statuerat,
857 4827 872 4858 a
883 4805 955 4862 asilii
967 4805 1156 4861 meditantium
1169 4805 1435 4880 csaeprincipitama.

236 4905 293 4944 aex
308 4889 406 4962 qubus
420 4889 520 4964 duplex
535 4890 671 4948 desidium
686 4903 810 4948 monum
858 4891 892 4948 Α.
909 4891 1058 4958 Mussnro,
1073 4889 1141 4946 Hist.
1156 4891 1223 4964 Aug.
1240 4889 1275 4958 11,
1290 4889 1363 4946 rnbr.
1379 4907 1397 4948 a

341 5013 564 5062 roca-ena.
1311 5027 1326 5068 4
