3860 5890
490 535 553 584 110
956 529 1201 588 HISTORIA

486 773 575 825 cator
603 776 672 824 esse
689 753 776 836 velit,
800 751 854 822 ubi
878 751 918 820 ad
941 751 1090 842 praedam
1113 771 1180 820 tam
1203 753 1298 822 libera
1327 773 1413 843 patet
1430 753 1505 821 via?
1550 775 1616 844 quo
1637 755 1675 825 fit

486 889 521 940 ut
540 891 598 960 pro
621 867 774 950 minimis,
792 867 890 936 etiam
913 889 972 956 pro
995 865 1120 937 duobus
1139 866 1362 937 calceamentis
1386 869 1477 952 corii,
1499 867 1619 938 bovem
1640 870 1673 938 in

487 983 719 1074 permutatione
742 981 831 1052 daret
847 979 976 1070 praedo.
1022 1003 1127 1070 neque
1148 981 1183 1050 in
1207 982 1343 1050 exercitu
1363 982 1461 1051 serica
1484 984 1674 1052 vestimenta
1699 997 1744 1045 ao

487 1098 602 1168 desunt
627 1099 738 1166 scortis
757 1097 927 1166 alteriusve
942 1097 1068 1186 generis
1087 1115 1275 1166 ornamenta
1293 1099 1434 1168 Etruriae
1447 1098 1560 1188 puellis
1574 1117 1672 1190 rapta.

486 1215 610 1297 vinum,
635 1211 764 1282 bladum
787 1227 820 1279 et
848 1211 969 1294 oleum,
987 1228 1076 1280 muta
1104 1210 1222 1281 horum
1239 1229 1306 1281 erat
1328 1213 1420 1302 copia
1441 1235 1501 1303 pro
1520 1215 1673 1298 minimis,

487 1348 582 1420 prout
603 1328 755 1418 praedoni
774 1343 954 1416 opportuna
971 1345 1047 1396 sunt
1066 1328 1099 1396 in
1118 1329 1258 1398 exercitu
1281 1326 1321 1396 ad
1339 1326 1464 1396 libitum
1488 1329 1602 1418 cuique
1621 1329 1673 1400 da·

488 1443 601 1512 bannis
612 1442 658 1508 (¹).
703 1439 783 1510 haec
798 1441 910 1509 omnia
925 1439 1184 1510 Florentinorum
1198 1439 1316 1510 damna
1334 1459 1366 1510 et
1381 1461 1463 1530 quae
1475 1459 1549 1512 ante
1563 1443 1674 1512 oculos

487 1556 663 1626 volitabant
676 1555 833 1636 miseriae,
850 1553 985 1644 oppidis,
1001 1553 1084 1623 villis
1100 1577 1137 1623 ac
1155 1557 1283 1645 magnis
1300 1555 1379 1625 vicis
1394 1553 1601 1639 fumantibus,
1616 1579 1674 1648 po·
1700 1570 1720 1618 2
1724 1571 1741 1636 5

487 1670 663 1762 pulatisque
678 1668 842 1751 viridariis,
865 1691 922 1738 cos
944 1669 1040 1738 tantis
1051 1669 1219 1758 praesidiis
1237 1671 1368 1759 stipatos
1386 1669 1427 1740 ad
1445 1668 1673 1740 conferendum

486 1788 520 1854 iu
539 1787 605 1854 acie
624 1805 738 1852 manus
761 1784 897 1852 minime
918 1803 1144 1873 provocarunt.
1188 1785 1306 1874 quippe
1327 1786 1410 1854 intra
1426 1785 1556 1854 moenia
1580 1785 1672 1874 trepi-

486 1900 631 1969 dantium
655 1898 810 1968 tumultus
834 1899 954 1968 civium
972 1921 1110 1988 magnus
1135 1919 1211 1982 erat,
1231 1899 1310 1970 dum
1331 1901 1472 1972 maxime
1489 1901 1606 1970 timent
1633 1922 1674 1970 ne

488 2015 620 2086 insultet
641 2015 742 2083 hostis
761 2035 881 2082 muros.

554 2131 627 2199 LII.
672 2131 762 2198 Dum
789 2129 837 2198 sic
859 2129 979 2198 exultat
998 2129 1207 2200 Germanicus
1234 2131 1326 2202 miles
1345 2149 1494 2222 totusque
1518 2131 1674 2202 exercitus

489 2244 669 2317 Gibellinus
680 2243 802 2312 hostica
815 2242 931 2334 praeda
942 2243 1097 2334 gaudens,
1109 2243 1237 2315 fortuna
1247 2247 1280 2316 iu
1292 2247 1449 2336 prosperis
1460 2269 1554 2336 saepe
1565 2246 1673 2314 minas

488 2362 600 2430 mutati
614 2359 720 2430 vultus
735 2360 867 2449 signum
873 2357 972 2442 dedit,
983 2358 1085 2430 subita
1098 2362 1238 2450 corporis
1252 2360 1435 2432 infirmitate
1449 2362 1673 2452 imperatorem

488 2472 630 2542 visitans.
676 2472 766 2542 cuius
784 2471 903 2540 lectum
925 2470 1010 2542 illico
1032 2471 1150 2562 stipant
1167 2472 1296 2556 medici,
1314 2496 1374 2544 nec
1396 2473 1480 2544 ullus
1502 2491 1568 2544 tam
1594 2473 1674 2562 Hip·

487 2609 600 2678 pocras
622 2605 677 2656 aut
701 2586 845 2656 Galenus
866 2586 972 2674 ipsum
994 2585 1102 2658 salutis
1125 2606 1248 2658 certum
1270 2586 1374 2658 reddit
1386 2587 1431 2658 (ἢ.
1478 2609 1593 2658 verum
1611 2586 1674 2658 lor-
1701 2609 1719 2676 5

488 2721 567 2772 tuna
588 2702 666 2790 ipsa,
695 2699 865 2789 ambiguos
893 2699 1020 2790 semper
1053 2723 1089 2770 ac
1122 2721 1239 2770 coecos
1268 2723 1394 2790 gressus
1416 2701 1602 2792 subitosque
1627 2722 1676 2770 re·

488 2837 614 2907 gressus
644 2813 775 2896 iaciens,
797 2815 935 2884 nimium
962 2813 1113 2884 fallaciter
1127 2817 1161 2886 in
1184 2816 1344 2886 humanos
1367 2838 1459 2886 casus
1482 2815 1571 2899 ludit,
1601 2839 1676 2886 ecce

488 2931 567 3001 dum
599 2952 724 3020 sperare
747 2928 821 2998 facit
851 2929 1018 3018 Guelphos
1049 2929 1120 3020 plus
1151 2932 1185 3000 in
1214 2949 1319 3000 morte
1340 2931 1489 3021 principis
1519 2953 1616 3020 quam
1641 2931 1675 3000 in

487 3068 606 3136 pugna,
626 3046 690 3114 cito
712 3043 827 3112 blanda
850 3044 1016 3114 Gibellinis
1041 3045 1166 3116 rediens
1188 3045 1249 3116 sibi
1268 3069 1436 3138 parumper
1454 3047 1589 3136 aspirare
1607 3046 1676 3118 visa

488 3179 546 3245 est,
565 3163 723 3252 insperata
749 3159 883 3230 scintilla
904 3161 1026 3249 vigoris
1056 3162 1122 3230 iam
1146 3161 1209 3232 iere
1232 3161 1371 3251 perditos
1395 3161 1513 3233 infirmi
1535 3163 1676 3252 corporis
1706 3177 1746 3226 ro

487 3275 671 3345 mirabiliter
687 3297 801 3344 sensus
818 3273 964 3346 reddens.
1006 3293 1039 3344 at
1056 3273 1122 3358 ubi,
1140 3275 1256 3346 sedatis
1272 3275 1376 3346 morbi
1391 3276 1520 3358 viribus,
1531 3297 1676 3366 proceres

488 3392 671 3461 restitumm
693 3389 753 3460 sibi
772 3389 947 3479 principem
965 3389 1120 3473 sentiunt,
1136 3389 1177 3460 ad
1190 3391 1295 3481 ipsum
1309 3393 1507 3463 conveniunt
1525 3391 1676 3482 arcltiepi·

488 3529 605 3596 scopus
629 3505 833 3575 Trevirensis
858 3503 953 3574 frater
974 3506 1055 3587 eius,
1073 3527 1185 3578 comes
1206 3507 1383 3580 Sabaudiae
1406 3525 1439 3577 et
1461 3508 1618 3578 Henricus
1637 3506 1677 3578 de

490 3620 636 3692 Flandria
655 3619 899 3702 mareschalcus,
912 3618 1029 3711 quibus
1047 3619 1245 3709 imperatoris
1268 3643 1359 3694 cassu
1376 3623 1514 3712 pensatis
1532 3619 1677 3711 periculis

490 3736 646 3805 exercitus
668 3734 826 3804 solicitam
843 3751 988 3804 meuoem
1006 3731 1132 3806 lecerat.
1178 3736 1222 3820 bi,
1240 3759 1298 3826 pro
1317 3761 1352 3808 re
1369 3758 1481 3826 pauca,
1496 3735 1601 3808 lenmt
1619 3735 1677 3806 do-
1708 3751 1745 3820 15

490 3850 582 3920 mino
604 3848 818 3939 supplicantes
840 3867 876 3920 ut
898 3849 1012 3920 mutari
1036 3872 1187 3940 campum
1209 3851 1327 3922 sineret
1345 3875 1381 3922 ac
1403 3873 1473 3922 sese
1491 3873 1566 3922 cum
1588 3873 1677 3922 exer·

491 3967 554 4035 citu
569 3965 733 4034 reduceret
755 3965 787 4032 in
807 3987 921 4055 agrum
938 3965 1119 4049 Arednnm,
1137 3965 1191 4034 ubi
1215 3984 1328 4036 cuncta
1350 3988 1462 4058 prose
1485 3985 1516 4036 et
1530 3965 1677 4056 gentibus

525 4223 569 4296 (ι)
585 4222 760 4296 «Postquam
778 4221 903 4276 venimus
922 4233 985 4276 ante
1002 4219 1063 4277 Flo·
1108 4232 1294 4292 «peratore».
1331 4220 1398 4276 Cosl
1425 4219 1491 4277 Nic.
1508 4220 1598 4278 uon.
1616 4217 1676 4293 926.

492 4328 507 4359 a
517 4307 641 4375 rendam,
653 4305 748 4362 omnia
759 4305 842 4373 mala,
853 4322 923 4378 quae
937 4322 985 4378 per
999 4321 1062 4377 geu·
1106 4323 1121 4354 s
1132 4305 1185 4360 Del
1195 4321 1271 4362 mese
1281 4305 1308 4360 di
1318 4306 1425 4362 ouobre
1437 4305 1466 4360 lo
1476 4302 1677 4377 imperatorelu

490 4405 572 4448 «tem
597 4391 769 4464 imperatoris
789 4401 934 4462 potueruut
957 4389 1015 4446 fieri
1032 4391 1060 4444 in
1107 4389 1282 4446 ‹ammalato
1300 4391 1346 4461 pib
1365 4390 1490 4461 giorma
1515 4389 1572 4446 San
1593 4389 1677 4452 Salvi,

402 4521 411 4540 .
490 4493 613 4532 «eorum
625 4475 746 4531 disuictu
761 4471 1062 4539 atterritoriolacta,et
1106 4485 1160 4529 «ct
1181 4475 1326 4546 veggeudo
1349 4491 1407 4530 nou
1430 4485 1508 4548 poter
1531 4473 1632 4530 havere
1650 4472 1677 4527 la

490 4559 680 4631 «perignem,
698 4569 725 4613 et
742 4573 791 4630 per
807 4555 1020 4612 destructionem
1034 4567 1063 4612 et
1107 4579 1122 4610 a
1135 4559 1199 4614 cittd
1213 4577 1263 4632 per
1277 4560 1405 4626 recordo,
1419 4572 1447 4615 et
1461 4559 1610 4616 Florentini
1621 4573 1677 4614 non

492 4659 565 4713 «per
574 4643 821 4698 arbommsuorom
831 4639 1026 4696 abscissionem
1035 4659 1061 4694 s.
1106 4661 1122 4694 a
1132 4643 1250 4698 volcano
1262 4642 1290 4698 la
1302 4644 1440 4716 battaglla,
1452 4661 1481 4700 se
1493 4659 1529 4698 ne
1541 4645 1609 4716 parti
1621 4657 1677 4698 noo

489 4725 554 4782 llic.
570 4723 735 4798 Bompae
1106 4725 1316 4784 «werno».
1352 4727 1387 4783 G.
1402 4725 1676 4798 vunonem

525 4807 570 4882 (a)
596 4827 612 4860 a
625 4807 725 4866 Medici
751 4807 930 4882 desperabant
953 4807 988 4864 de
1009 4807 1062 4863 lm·
