3860 5890
473 537 533 603 134
939 533 1184 591 ursronra

535 754 638 822 LXV.
684 755 796 844 ltaque
820 775 929 824 comes
949 755 1096 845 Philippo
1112 755 1282 824 cruciatam
1301 776 1337 821 ac
1359 773 1483 822 trucem
1509 771 1659 838 mortem,

468 889 640 958 praeventa
663 887 767 937 morte
794 869 956 959 principis,
975 893 1043 939 non
1065 869 1176 939 habuit
1193 891 1290 960 quam
1320 867 1460 940 timebat.
1517 887 1657 940 attamen

468 1005 622 1077 perpetuo
638 1009 760 1056 carcere
777 989 925 1056 miseram
942 987 1090 1078 deinceps
1108 989 1208 1056 vitam
1227 989 1302 1078 egit
1349 1009 1424 1055 nam
1444 989 1583 1056 blatteus
1601 988 1658 1055 Vi·

469 1121 617 1170 cecomes
639 1119 727 1191 pater
750 1101 877 1184 Galeaz,
909 1103 959 1170 cui
982 1102 1108 1170 vinctus
1132 1101 1307 1171 destinatus
1337 1100 1405 1184 luit,
1430 1123 1551 1170 carcere
1582 1123 1656 1170 eum

470 1216 591 1299 clausit,
614 1218 735 1307 inquo
761 1235 915 1307 perpetuo
938 1219 1039 1286 vitam
1058 1217 1135 1308 egit,
1154 1239 1221 1286 non
1240 1217 1415 1286 immemor
1436 1216 1523 1307 quod
1548 1239 1657 1285 comes
1685 1242 1704 1307 5

468 1333 538 1416 iste,
563 1354 627 1400 una
646 1354 720 1400 cum
738 1332 874 1401 Simone
891 1331 1060 1401 Advocato
1080 1331 1119 1400 de
1139 1331 1321 1400 Colobiano
1340 1331 1385 1415 (¹),
1400 1349 1432 1400 et
1447 1333 1592 1400 Antonio
1618 1331 1657 1398 de

469 1446 626 1536 Fixiraga,
646 1464 678 1514 et
696 1446 827 1516 Alberto
846 1448 969 1529 Scotto,
987 1470 1087 1538 quem
1103 1465 1213 1516 contra
1228 1445 1334 1536 ipsum
1352 1447 1580 1536 instigaverant
1598 1445 1657 1534 ipsi

468 1563 538 1632 falsi
570 1564 703 1634 comites
727 1565 843 1633 Simon
866 1582 898 1633 et
919 1564 1091 1646 Antonius,
1115 1565 1183 1632 eius
1206 1562 1337 1632 exilium
1360 1579 1541 1652 procurarat
1563 1579 1595 1630 et
1618 1561 1658 1628 de

470 1679 606 1749 domino
629 1681 735 1770 ipsum
758 1679 933 1749 Mediolani
953 1680 1081 1750 exulem
1104 1678 1253 1763 fecerant,
1286 1696 1435 1768 cotmpto
1457 1677 1604 1769 precibus
1627 1695 1658 1746 et

469 1793 553 1863 falsis
577 1794 749 1864 rationibus
768 1796 837 1885 ipso
857 1795 989 1863 Alberto
1013 1813 1138 1864 mutato
1158 1793 1325 1864 hostilibus
1348 1793 1474 1862 aciebus
1502 1791 1658 1861 stantibus
1690 1811 1731 1858 ro

469 1911 502 1978 io
522 1933 636 2000 campo
660 1911 765 1994 Melzi,
789 1910 843 1980 ubi
873 1912 1011 1980 Matteus
1041 1911 1137 2001 ipsius
1167 1910 1289 1979 Alberti
1312 1911 1449 1978 nimium
1467 1908 1580 1992 fidens,
1600 1907 1660 1976 sibi

471 2025 594 2093 clavam
614 2026 791 2116 insignum
807 2027 1002 2095 remissionis
1022 2025 1156 2095 dominii
1171 2025 1255 2095 urbis
1272 2025 1448 2095 Mediolani
1467 2043 1498 2094 et
1520 2023 1659 2115 plurium

471 2141 647 2224 civitatum,
670 2163 747 2231 quas
770 2140 907 2225 tenebat,
922 2141 932 2232 l
948 2141 1046 2225 dedit,
1073 2159 1242 2211 contentus
1265 2143 1298 2210 in
1331 2139 1410 2210 urbe
1439 2163 1496 2210 sua
1519 2139 1658 2229 privatus

471 2259 590 2340 vivere,
605 2256 692 2348 quod
707 2257 775 2346 ipse
792 2256 941 2328 Albertus
955 2259 1154 2349 compositor
1167 2260 1263 2347 pacis,
1283 2279 1364 2347 quae
1379 2275 1456 2326 tunc
1471 2255 1661 2326 tractabatur

471 2373 554 2440 inter
575 2373 751 2442 Turn'anos
783 2391 816 2442 et
843 2375 960 2464 ipsum,
989 2375 1176 2465 promiserat
1193 2373 1317 2463 utrique
1341 2374 1430 2464 parti.
1476 2395 1589 2441 vemm
1612 2373 1659 2440 in-
1692 2385 1730 2452 15

471 2485 637 2571 stantibus,
660 2487 773 2571 immo,
798 2505 833 2556 ut
855 2487 947 2556 multi
977 2487 1161 2557 mortalium
1189 2505 1343 2568 asserunt,
1367 2483 1555 2576 cogentibus
1585 2485 1660 2574 ipsis

525 2707 562 2763 (e)
575 2705 636 2752 Mur.
651 2705 742 2752 Simone
755 2706 783 2751 de
796 2705 922 2753 Colobieno

472 2896 499 2951 di
513 2895 618 2969 diplomi
630 2897 724 2970 pisani,
740 2895 812 2962 Pisa,
830 2894 905 2967 1765.
942 2895 988 2950 Un
1003 2911 1045 2951 ac·
1089 2893 1188 2962 620,in
1200 2907 1274 2952 nota.
1297 2894 1354 2951 Tra
1363 2895 1389 2951 le
1398 2895 1467 2950 rime
1479 2895 1599 2950 storicbe
1608 2895 1662 2950 del·

474 2996 562 3035 cenoo
580 2979 607 3036 al
622 2979 747 3054 sepolcro
761 2979 789 3034 di
804 2979 904 3036 Enrico
919 2978 980 3046 Vll,
993 2980 1045 3035 che
1089 2979 1250 3035 l’linonimo
1264 2978 1417 3046 Genovese,
1433 2977 1498 3035 fatte
1513 2995 1661 3035 conoscere

474 3065 655 3120 anticamente
675 3065 866 3120 conservavasi
892 3063 966 3119 nella
993 3075 1047 3118 cat·
1090 3064 1135 3120 dal
1155 3065 1290 3130 Bouana,
1308 3065 1387 3120 Arcb.
1405 3072 1463 3120 sior.
1482 3067 1510 3122 it
1528 3081 1590 3138 app.
1613 3065 1662 3129 IV,

473 3148 575 3204 tedrale
603 3149 632 3204 di
657 3148 729 3216 Pisa,
757 3147 870 3221 veggasi
900 3147 988 3204 anche
1017 3147 1047 3202 in
1091 3147 1302 3222 eripubblicate
1320 3148 1354 3203 da
1373 3147 1407 3204 N.
1430 3147 1662 3206 Laoouaootorus

474 3232 570 3290 Beuzo
589 3235 688 3288 Atsss.
714 3231 867 3300 Cbrmicm
887 3248 937 3288 ms
958 3233 1003 3288 cit.
1017 3231 1047 3286 in
1091 3233 1236 3290 nelPArcb.
1250 3233 1328 3290 obst.
1340 3235 1370 3289 tt.
1385 3231 1419 3298 ll,
1434 3231 1548 3300 ada-64,
1560 3233 1663 3288 trovasi

474 3317 601 3372 Ambros.
621 3333 637 3370 a
656 3331 680 3372 c.
701 3331 789 3390 139a,
806 3315 876 3371 libro
890 3313 969 3371 XIV:
989 3313 1047 3370 «ln
1091 3335 1128 3372 un
1146 3301 1228 3374 ritmo
1255 3315 1405 3372 dialettale:
1433 3317 1483 3374 De
1510 3317 1662 3373 adventu

476 3416 533 3455 «ea
555 3399 677 3472 (civitate
704 3399 841 3470 Pisanum)
863 3399 984 3472 sepultus
1005 3411 1047 3455 est
1091 3403 1171 3476 imp.
1198 3401 1234 3457 in
1255 3400 1469 3457 Lombardia
1496 3417 1663 3458 .trcccxr.

475 3483 634 3539 ellenricus
652 3483 800 3555 imperator
822 3483 904 3540 huius
927 3483 1047 3540 nominis
1092 3487 1168 3542 Sulla
1178 3499 1266 3542 morte
1279 3485 1663 3558 delLussembutgononcie

475 3565 562 3634 «Vll,
575 3565 679 3623 habens
691 3569 718 3622 in
731 3567 836 3624 matrici
849 3567 965 3624 ecclesia
978 3585 1048 3624 mar·
1091 3583 1158 3626 noto
1171 3571 1223 3626 che
1233 3588 1269 3626 un
1280 3569 1361 3625 ritmo
1373 3569 1458 3625 latino
1469 3569 1623 3642 pubblicato
1636 3569 1664 3624 la

475 3666 597 3706 emoneo
627 3650 716 3724 lepide
744 3663 955 3708 monumentum
983 3651 1047 3708 loco
1092 3656 1177 3728 prima
1193 3655 1268 3710 volta
1280 3653 1315 3709 da
1323 3652 1354 3710 P.
1363 3653 1449 3709 Panis
1467 3654 1496 3708 in
1506 3655 1552 3709 Lis
1567 3671 1665 3708 nmmu-

475 3735 631 3790 «eminenti
649 3735 823 3808 imperialiter
840 3737 971 3792 situatum
980 3757 1005 3792 a.
1092 3743 1167 3814 cripta
1172 3741 1292 3814 franceis
1306 3739 1334 3795 de
1348 3739 1373 3794 lo
1386 3739 1548 3812 bibliotheque
1559 3738 1593 3794 da
1606 3741 1664 3806 Rei,

509 3817 558 3872 Pei
567 3819 721 3874 sentimenti
731 3817 783 3874 che
798 3819 825 3875 la
840 3820 918 3892 quasi
930 3823 1048 3894 improv·
1091 3824 1177 3892 Paris,
1194 3825 1216 3890 1,
1237 3823 1331 3895 307·8,
1345 3823 1505 3896 ristampato
1520 3823 1666 3878 nell’Arcb.

475 3902 533 3958 visa
545 3903 847 3976 scomparsadiEnrico
859 3905 961 3960 suscito
974 3903 1047 3978 negli
1091 3915 1150 3964 sior.
1174 3910 1203 3964 it.
1230 3925 1289 3981 app.
1319 3905 1366 3961 tv.
1403 3905 1485 3980 Negli
1512 3905 1594 3961 indici
1620 3905 1665 3961 dei

476 3987 561 4042 animi
573 3987 617 4043 dei
629 3987 720 4044 Guelli
728 3989 757 4044 in
772 3987 859 4056 ltalia,
871 3989 906 4046 ci.
916 3990 943 4046 le
953 3990 1048 4046 lettere
1094 3988 1479 4057 sanan-misit,de11’archivio
1495 3989 1521 4044 di
1536 3986 1664 4056 Veneria,

475 4071 548 4128 della
569 4071 695 4146 Siguoria
713 4074 742 4129 di
760 4073 880 4144 Firenze,
898 4075 927 4130 in
955 4076 998 4131 cui
1022 4075 1049 4132 al
1093 4071 1383 4148 dicturam-1366),
1396 4089 1450 4128 con
1462 4073 1586 4129 evidente
1598 4071 1666 4126 allu-

476 4157 578 4230 grande
590 4161 783 4215 avvenimento
806 4162 830 4215 si
854 4176 975 4216 accenna
995 4177 1048 4216 con
1093 4158 1171 4214 sione
1189 4157 1242 4212 alla
1260 4157 1353 4232 rapida
1377 4157 1431 4212 line
1452 4157 1479 4212 di
1498 4157 1597 4212 Enrico
1615 4155 1667 4210 vn

475 4241 673 4314 intemperante
688 4241 847 4316 linguaggio
863 4261 878 4300 e
892 4261 946 4300 con
956 4257 1049 4318 aperta
1094 4259 1109 4298 e
1136 4243 1163 4298 di
1192 4241 1332 4298 lodovico
1358 4241 1378 4296 il
1405 4241 1520 4308 bavaro,
1541 4239 1668 4313 leggonsi

477 4323 623 4381 esultanza.
670 4325 713 4382 Cf.
738 4327 872 4396 Benarni,
903 4328 980 4385 doce.
1005 4345 1050 4384 nn.
1096 4328 1184 4400 questi
1202 4327 1321 4384 leonini:

477 4412 781 4482 ccccxv,ccctxv1,11,
793 4413 844 4485 278
857 4430 872 4469 e
883 4429 940 4486 sgg.
960 4413 1051 4469 Come

476 4495 523 4568 poi
541 4493 568 4550 le
581 4506 681 4551 tenuta
693 4495 722 4551 di
740 4495 840 4552 Enrico
858 4495 910 4551 Vll
923 4499 951 4552 in
964 4497 1050 4564 ltalia,

477 4583 534 4635 cosi
544 4577 571 4634 la
582 4592 670 4636 morte
682 4580 768 4636 suasu
781 4593 909 4655 soggetto
918 4581 945 4637 di
956 4583 1050 4656 poesie

477 4663 560 4719 lanne
579 4681 594 4719 e
612 4663 726 4738 volgari.
763 4666 809 4721 Un
825 4667 907 4722 rinno
922 4665 1051 4741 augurale
1096 4665 1139 4721 Ci.
1156 4665 1190 4722 G.
1207 4665 1317 4732 Grono,
1333 4665 1349 4720 1
1360 4665 1431 4722 isati
1449 4663 1487 4720 dcl
1500 4665 1600 4732 Serota,
1620 4671 1672 4718 tra·

478 4747 515 4802 ln
539 4747 692 4804 adventu
716 4749 800 4822 imp.
820 4751 971 4806 Henrici
989 4750 1050 4806 Vll
1094 4747 1671 4822 satirianedegiiisdieide'primimoolumi

478 4829 605 4902 pubblieb
619 4829 639 4886 il
654 4831 715 4888 Dm
728 4831 843 4900 Lusco,
856 4849 900 4906 op.
920 4833 964 4889 cit.
983 4833 1003 4900 l,
1022 4849 1051 4898 n,
1093 4833 1202 4907 perduii,
1222 4832 1351 4900 Veneria,
1370 4833 1444 4903 1887.

1122 4473 1225 4520 mntem
1239 4485 1310 4530 perum
1323 4474 1366 4516 cite
1379 4471 1452 4515 ensis
1466 4471 1533 4528 glane
1546 4470 1624 4520 mundi,

1122 4539 1149 4582 Es
1161 4539 1228 4582 brevis
1242 4552 1293 4582 erne
1306 4538 1359 4596 cepit
1373 4537 1476 4595 inperiale
1491 4547 1560 4594 ceput.
