3860 5884
466 489 509 560 68
934 503 1183 560 HISTORIA

467 724 606 793 filiorum
624 747 758 793 suorum
776 747 896 808 casum,
912 747 1004 814 quos,
1023 725 1051 794 si
1066 746 1141 793 vera
1159 721 1248 792 lateri
1265 722 1425 805 volumus,
1436 743 1503 790 non
1516 745 1583 806 rex,
1597 721 1653 792 sed
1675 723 1748 806 ,280

467 861 525 908 sua
542 839 702 907 temeritas
720 839 840 928 expulit
853 837 929 906 urbe
947 861 1015 920 sua,
1029 858 1150 906 temere
1165 835 1343 906 rebellionis
1357 858 1445 906 anm
1458 838 1653 928 sumpsimus

305 981 327 1014 c·
344 967 412 1028 ¹³8*
469 971 578 1022 contra
599 952 730 1044 regeml
741 974 832 1020 more
851 952 943 1022 caruli
961 953 1091 1041 alonge
1109 951 1250 1020 latrantis
1273 950 1313 1020 ad
1328 973 1451 1042 aprum,
1465 974 1563 1041 quem
1582 950 1654 1018 solo

466 1069 564 1138 sentit
581 1068 680 1138 odore
699 1087 731 1136 et
748 1067 932 1137 venientem
947 1085 1112 1157 expectare
1127 1089 1195 1136 non
1211 1067 1317 1136 audet.
1363 1065 1477 1136 deinde
1499 1085 1573 1156 post
1587 1085 1653 1135 tam

462 1185 613 1255 stolidam
631 1184 801 1254 audaciam
811 1204 960 1268 vestram,
976 1185 1074 1268 tarde,
1091 1203 1123 1254 et
1136 1184 1217 1252 forte
1232 1182 1356 1268 l'rustra,
1373 1184 1434 1252 nisi
1452 1184 1653 1252 invenissetis

465 1301 584 1370 amicos
612 1319 800 1391 quaerentes
828 1301 998 1370 consilium
1023 1299 1116 1369 rebus
1144 1301 1267 1382 vestris,
1294 1299 1477 1367 examinare
1508 1297 1654 1366 voluistis
1682 1295 1744 1380 285

464 1414 540 1505 quid
560 1415 642 1483 intra
659 1416 788 1483 moenia
807 1415 909 1482 victus
929 1434 995 1484 erat
1014 1433 1046 1482 et
1074 1413 1206 1483 aliarum
1224 1436 1344 1497 rerum,
1368 1437 1449 1502 quae
1469 1411 1597 1482 bostem
1620 1412 1654 1480 in

463 1531 600 1599 statione
619 1529 796 1598 minantem
814 1529 927 1598 timere
950 1529 1082 1597 minime
1100 1531 1280 1619 patiuntur3
1303 1549 1439 1618 quarum
1458 1551 1565 1597 rerum
1584 1547 1654 1596 mo-

464 1645 572 1714 dicum
590 1645 777 1728 invenistis;
795 1666 861 1735 quo
879 1645 988 1727 territi,
1008 1643 1048 1712 ad
1067 1645 1184 1712 iratum
1201 1643 1294 1713 nobis
1313 1665 1423 1733 regem
1438 1665 1497 1711 nos
1517 1644 1653 1712 nuncios

465 1759 654 1842 destinastis,
666 1757 823 1849 purgandi
835 1759 974 1828 criminis
986 1779 1090 1828 causa.
1122 1757 1298 1848 periculum
1311 1777 1402 1826 caute
1414 1756 1654 1846 indignationis,

466 1877 608 1944 maximo
628 1897 703 1944 cum
718 1896 848 1966 pavore,
866 1873 1053 1956 subivimus,
1070 1893 1101 1942 et
1116 1875 1209 1942 amici
1225 1877 1324 1944 nostri
1340 1874 1464 1944 comitis
1478 1871 1654 1943 Sabaudiae
1682 1895 1748 1960 290

465 1992 616 2060 comitiva
630 1990 712 2073 freti,
731 1992 846 2058 iratum
864 1989 950 2080 regis
967 1990 1094 2059 vultum
1117 1989 1265 2075 vidimus,
1283 2009 1315 2060 et
1328 2013 1392 2060 una
1412 2015 1486 2060 cum
1499 2007 1591 2060 tanto
1606 1991 1655 2059 in·

465 2125 635 2176 tercessore
654 2106 782 2173 veniam
800 2122 937 2188 orantes,
961 2105 1073 2174 fmstra
1092 2105 1172 2174 irato
1190 2107 1323 2197 principi
1345 2106 1519 2176 obtulimus
1543 2103 1654 2174 urbem

466 2240 498 2290 et
508 2221 592 2290 urbis
604 2223 688 2290 iura:
700 2219 709 2311 l
720 2219 783 2302 ille,
795 2219 970 2312 praesentia
985 2239 1091 2288 nostra
1110 2220 1261 2304 offensus,
1277 2222 1380 2290 immo
1399 2243 1439 2289 eo
1456 2221 1529 2290 loco
1543 2221 1653 2311 pulsus

465 2333 720 2424 indignationem
735 2355 866 2424 augens,
874 2352 969 2402 torvo
981 2333 1072 2402 vultu
1086 2333 1173 2402 vadit
1184 2335 1432 2404 immurmurans
1444 2357 1539 2403 saeva
1550 2333 1653 2402 nobis.

465 2451 582 2541 itaque,
601 2449 678 2518 dum
697 2451 731 2518 in
750 2469 838 2518 tanto
862 2472 898 2518 ac
920 2467 986 2517 tam
1009 2451 1088 2518 tristi
1107 2448 1289 2520 discrimine
1306 2449 1497 2532 laboramus,
1521 2466 1554 2518 et
1576 2449 1655 2518 dum
1683 2467 1747 2535 295

466 2568 598 2656 quisque
624 2585 769 2635 nostrum
795 2589 864 2634 sese
892 2583 1015 2656 reputat
1038 2566 1070 2633 in
1093 2585 1254 2634 extremae
1276 2565 1361 2634 vitae
1383 2567 1492 2647 situm,
1515 2563 1654 2646 fortuna,

466 2701 548 2770 quae
565 2703 625 2748 nec
646 2701 773 2768 semper
795 2681 930 2748 miseros
953 2679 1077 2768 linquit,
1097 2679 1228 2770 paulum
1250 2679 1391 2770 aspirans
1416 2677 1519 2761 nobis,
1543 2679 1583 2748 ad
1605 2701 1654 2748 re·

466 2793 561 2884 ginae
580 2815 738 2862 cameram
761 2791 867 2882 dirigit
885 2815 1011 2882 gressus
1033 2795 1127 2882 regis,
1150 2816 1226 2884 quo,
1250 2817 1305 2885 per
1328 2795 1468 2863 amicum
1487 2793 1580 2862 nobis
1600 2816 1653 2862 co·

467 2908 579 2976 mitem
600 2905 781 2988 introducti,
807 2907 922 2976 iterum
946 2907 1145 2976 miseriarum
1168 2931 1204 2976 ac
1233 2906 1444 2998 lacrymarum
1469 2906 1556 2997 pleni
1582 2903 1656 2976 lun·

467 3021 572 3092 dimur
605 3041 678 3091 aute
702 3021 799 3113 pedes
822 3023 916 3112 regis,
941 3022 993 3091 ubi
1019 3021 1107 3104 dum,
1131 3046 1222 3092 more
1244 3045 1316 3106 suo,
1339 3045 1398 3112 pro
1420 3022 1513 3091 nobis
1536 3023 1657 3114 spargit
1686 3043 1750 3110 300

466 3161 575 3229 preces
587 3161 707 3221 comes,
726 3141 836 3228 regina
850 3138 990 3208 clemens
1004 3159 1037 3208 et
1050 3163 1177 3229 semper
1191 3139 1253 3229 pia,
1266 3141 1410 3224 miseros,
1423 3137 1533 3208 sedula
1551 3162 1656 3230 prece,

467 3252 615 3342 suscepit,
633 3269 665 3320 et
683 3251 803 3320 relevat
822 3253 972 3322 miseram
991 3275 1027 3322 ac
1044 3275 1143 3342 prope
1161 3251 1316 3342 perditam
1345 3275 1474 3322 causam
1501 3271 1655 3322 nostram.

467 3385 608 3436 attamen
626 3390 682 3435 rex
700 3368 820 3457 primus
840 3369 949 3457 gravia
964 3387 996 3436 et
1007 3369 1144 3436 nimium
1162 3367 1321 3437 horrenda
1338 3368 1431 3437 nobis
1460 3368 1556 3437 verba
1571 3369 1656 3452 iacit,

469 3499 501 3549 et
518 3480 606 3550 velut
629 3479 744 3573 nobis}
760 3483 948 3572 increpitans
962 3481 1008 3566 (¹),
1027 3481 1083 3550 sed
1100 3479 1212 3551 fortius
1227 3485 1370 3552 Antonio
1386 3482 1426 3552 de
1447 3483 1595 3571 Fixiraga
1608 3484 1657 3552 in·

470 3597 665 3668 constantiae
685 3597 805 3666 crimen
825 3597 969 3687 imputat.
1015 3596 1130 3666 deinde
1153 3621 1293 3680 serenus,
1317 3621 1353 3666 ac
1375 3598 1481 3668 subito
1504 3597 1658 3690 placidior
1687 3613 1748 3680 305

469 3711 558 3781 vultu
582 3710 701 3780 factus:
717 3719 738 3751 ‘⁶
748 3732 868 3780 moneo
882 3732 953 3794 vos,
966 3711 1077 3801 inquit,
1097 3710 1220 3781 debitae
1238 3711 1314 3780 fidei
1332 3735 1504 3797 memores,
1520 3735 1557 3780 ac
1569 3713 1656 3782 dein·

470 3847 543 3916 ceps
568 3823 743 3894 commodo
769 3843 876 3892 vestro
896 3843 1077 3894 constantes
1096 3825 1212 3910 sitis’';
1236 3825 1362 3910 deinde,
1381 3827 1458 3897 dum
1481 3827 1657 3918 promissae

470 3939 545 4008 fidei
568 3940 655 4009 idem
677 3963 802 4030 semper
824 3943 934 4023 simus,
958 3941 1059 4010 multa
1079 3942 1227 4031 promisit
1249 3941 1342 4011 nobis
1366 3941 1468 4027 bona3
1491 3961 1523 4012 et
1547 3961 1658 4012 contra

470 4056 571 4125 multa
582 4057 720 4126 minatus
732 4075 779 4124 est
791 4055 899 4139 nobis3
919 4079 1031 4126 verum
1046 4056 1148 4127 multo
1164 4055 1276 4127 fortius
1291 4059 1435 4127 Antonio
1448 4057 1487 4126 de
1499 4059 1657 4148 Fixiraga,

472 4173 540 4240 cui:
559 4179 581 4211 “
593 4171 803 4262 experiemur,
822 4171 935 4260 inquit,
951 4171 1049 4240 fidem
1065 4191 1169 4242 tuam:
1182 4173 1216 4240 ni
1231 4171 1343 4242 urbem
1361 4174 1550 4264 promissam
1564 4171 1657 4258 nobis
1687 4187 1752 4255 310

471 4285 615 4356 dederint
632 4287 729 4368 cives,
747 4287 856 4377 tuique
875 4285 1046 4376 complices
1064 4305 1191 4356 nostrae
1210 4287 1309 4375 genti,
1327 4309 1425 4376 quam
1444 4287 1495 4356 hic
1516 4310 1533 4355 a
1558 4286 1656 4377 longe

471 4402 565 4471 nobis
583 4403 724 4472 deditam
743 4425 779 4470 ac
796 4421 939 4492 paratam
957 4401 1049 4470 nobis
1065 4403 1186 4486 asseris,
1202 4423 1260 4492 pro
1276 4403 1395 4470 meritis
1408 4424 1530 4492 poenas
1544 4403 1657 4494 dignas

472 4517 569 4588 dabis.
616 4543 728 4588 verum
751 4519 777 4586 si
801 4517 908 4588 dedita
926 4517 1018 4586 nobis
1041 4519 1152 4586 civitas
1175 4517 1209 4586 in
1232 4537 1264 4586 te
1286 4517 1390 4588 adbuc
1412 4517 1511 4587 fidem
1541 4516 1657 4609 sperari

527 4783 558 4842 (a)
573 4783 615 4827 Bt
629 4783 747 4844 increpans
