3860 5890
538 553 599 620 130
1005 545 1250 601 ursroura

534 771 688 838 comitem
703 767 929 858 Philipponem
943 767 1085 856 aliosque
1104 765 1236 836 hostiles
1251 765 1373 856 equites
1385 766 1545 835 incursare
1561 765 1724 847 uolebant,
1752 785 1794 852 95

535 883 575 951 ad
590 882 653 951 hoc
668 881 803 951 liberum
818 882 955 971 spatium
968 904 1035 950 non
1047 880 1211 964 habentes,
1227 879 1331 948 hastas
1351 879 1503 948 abiiciunt
1517 879 1561 948 (¹).
1599 879 1725 961 deinde,

535 999 711 1088 evaginatis
729 997 854 1088 gladiis,
869 996 1036 1066 horrisona
1047 1019 1128 1066 voce
1142 998 1250 1079 missa,
1269 1018 1378 1065 versus
1395 997 1548 1064 comitem
1563 995 1725 1086 Philippo·

536 1138 612 1184 nem
634 1137 691 1204 per
708 1113 907 1203 frequentem
931 1114 1146 1204 pugnantium
1169 1111 1294 1182 turbam
1316 1110 1472 1195 tendunt,
1497 1129 1529 1179 et
1551 1111 1635 1179 illico
1659 1113 1725 1180 eius

536 1254 573 1299 ac
595 1248 788 1300 cunctorum
811 1230 867 1320 qui
890 1252 1001 1298 secum
1024 1245 1113 1298 etant
1136 1229 1281 1318 equitum
1303 1251 1448 1318 pugnam
1471 1228 1505 1296 in
1530 1250 1565 1296 se
1588 1245 1724 1296 vertunt.

536 1367 612 1417 tunc
634 1345 755 1438 pedites
784 1344 948 1428 Gibellini,
970 1369 1005 1414 se
1034 1344 1149 1414 liberos
1172 1345 1355 1427 sentientes,
1383 1344 1550 1413 hostilium
1583 1345 1726 1436 equitum
1757 1373 1820 1420 100

535 1485 655 1554 pugna,
673 1484 755 1552 quos
774 1463 839 1530 iam
861 1462 947 1551 prius
980 1459 1135 1544 fuderant,
1155 1458 1296 1528 bostium
1325 1459 1446 1550 pedites
1466 1459 1567 1528 actius
1586 1460 1725 1549 aggressi

535 1597 628 1662 sunt3
646 1579 702 1668 qui
724 1576 803 1646 dum
821 1578 979 1668 impetum
997 1578 1152 1646 sustinere
1172 1595 1339 1660 conantur,
1358 1598 1491 1645 suorum
1508 1575 1623 1644 frustra
1641 1576 1726 1670 equi·

536 1715 605 1764 tum
625 1711 828 1783 expectantes
846 1691 1035 1775 subsidium,
1051 1690 1090 1759 ab
1107 1691 1264 1783 equitibus
1280 1691 1448 1761 Gibellinis
1465 1693 1528 1759 iam
1550 1691 1727 1781 periculum
1924 1777 1925 1780 Ἴ

536 1812 569 1879 in
593 1831 684 1877 mora
707 1807 921 1890 cernentibus,
939 1831 979 1876 ne
1003 1806 1168 1876 hostilium
1192 1807 1337 1896 equitum
1360 1807 1441 1878 acies
1460 1806 1634 1896 perveniat,
1647 1806 1727 1876 laxis

536 1924 651 1994 fraenis
674 1925 708 1992 in
727 1945 782 1992 eos
805 1924 962 2012 impetum
981 1921 1168 1991 facientibus
1186 1921 1387 2012 dissipantur.
1434 1941 1499 1990 erat
1521 1941 1600 1990 tunc
1617 1923 1652 1990 in
1670 1923 1727 1991 Gi·
1760 1950 1819 2015 ¹05

538 2041 729 2110 bellinorum
760 2039 905 2130 peditum
937 2040 1066 2129 agmine
1089 2037 1230 2129 plebeius
1254 2039 1331 2107 civis
1350 2039 1465 2128 Papiae
1488 2039 1589 2107 domo
1607 2038 1725 2128 pulsus.

538 2157 600 2238 hic,
624 2175 659 2224 ut
677 2154 831 2222 comitem
849 2153 1076 2244 Philipponem
1095 2153 1128 2222 in
1148 2153 1301 2222 comitem
1321 2153 1507 2242 Serapontis
1530 2154 1739 2222 saevientem.

538 2273 639 2353 clava,
669 2291 814 2340 necnon
835 2269 867 2338 iu
890 2270 1070 2339 Iohannem
1093 2268 1196 2337 filium
1219 2270 1299 2352 eius,
1322 2269 1377 2358 qui
1399 2291 1526 2359 pugnae
1545 2267 1652 2336 hostili
1670 2289 1727 2356 pro

539 2387 684 2477 genitore
695 2403 898 2470 successerat,
910 2385 1009 2470 videt,
1021 2384 1060 2452 ad
1073 2407 1146 2454 eum
1171 2383 1273 2454 tendit
1295 2407 1406 2453 secum
1429 2383 1594 2473 inquiens:
1623 2401 1728 2450 etune

540 2503 624 2572 exilii
644 2501 709 2570 mei
728 2520 838 2570 auctor
856 2501 930 2570 hinc
953 2500 1070 2569 evades
1093 2523 1202 2568 comes
1217 2501 1261 2566 Ρ»
1311 2500 1421 2568 lancea
1440 2523 1506 2569 non
1525 2501 1630 2590 ipsum
1654 2497 1727 2567 Phi·
1759 2525 1822 2572 tro
1924 2555 1925 2560 η

538 2619 712 2708 lipponem,
743 2640 840 2706 quem
863 2618 998 2685 strenuis
1028 2618 1123 2684 armis
1145 2634 1252 2686 tutum
1270 2617 1439 2702 existimat,
1457 2616 1560 2684 immo
1578 2614 1729 2683 intentior

541 2732 580 2800 ad
612 2730 796 2801 nocendum
826 2755 945 2822 equum
976 2732 1044 2800 eius
1066 2731 1144 2822 petit
1167 2751 1261 2822 atque
1293 2730 1386 2814 forat,
1413 2755 1517 2822 neque
1541 2731 1595 2800 illo
1621 2730 1728 2800 lethali

541 2849 672 2918 vulnere
695 2871 794 2938 equus
824 2847 952 2932 tardior,
976 2848 1078 2916 immo
1109 2850 1247 2939 asperior
1270 2848 1424 2917 comitem
1442 2850 1476 2916 in
1499 2846 1727 2938 frequentiores

541 2965 649 3034 hostes
672 2964 869 3032 saevientem
891 2963 977 3047 tulit;
1002 2965 1090 3032 cuius
1119 2965 1164 3030 rei
1189 2985 1282 3032 causa
1311 2985 1416 3052 neque
1439 2985 1516 3032 suos
1545 2982 1619 3054 post
1640 2981 1729 3050 terga

541 3079 666 3148 relictos
684 3078 844 3168 fugientes
862 3079 961 3163 videt,
980 3101 1040 3148 nec
1064 3079 1125 3147 nisi
1149 3077 1238 3146 tarde
1257 3100 1390 3146 suorum
1412 3075 1524 3168 fugam
1548 3097 1580 3146 et
1602 3101 1637 3146 se
1659 3078 1728 3148 reli·
1761 3108 1797 3155 11
1804 3110 1820 3175 ς

543 3211 630 3262 ctum
653 3194 761 3262 sensit.
808 3216 883 3262 nam
914 3216 999 3282 equo
1022 3195 1153 3262 vulnere
1177 3195 1241 3261 iam
1273 3193 1397 3274 affecto,
1421 3194 1455 3261 iu
1485 3213 1604 3284 gyrum
1633 3192 1728 3274 flexo,

542 3308 620 3378 dum
643 3327 728 3378 retro
752 3309 874 3377 lumina
896 3308 1003 3391 flectit,
1027 3307 1151 3378 nullum
1174 3330 1307 3378 suorum
1337 3309 1397 3376 nisi
1426 3307 1604 3398 fugientem
1633 3308 1728 3376 videt.

542 3443 618 3492 tunc
640 3422 753 3492 frustra
781 3422 876 3513 fugae
906 3447 1033 3493 memor
1054 3446 1174 3514 equum
1202 3424 1287 3492 soliti
1310 3423 1407 3492 saltus
1430 3424 1668 3504 immemorem,
1695 3441 1730 3492 ut

543 3537 698 3606 humilem
719 3537 837 3608 fossam
856 3541 891 3608 in
913 3540 1014 3608 latum
1037 3562 1186 3629 campum
1209 3559 1355 3624 transeat,
1380 3538 1493 3608 ferrata
1513 3537 1596 3608 calce
1620 3537 1730 3608 verbe·

542 3673 590 3722 rat
604 3653 649 3722 (b),
695 3673 727 3722 at
759 3654 809 3722 ille
838 3657 871 3722 in
902 3655 1048 3725 ulteriore
1071 3656 1138 3746 ripa
1155 3654 1366 3724 muribundus
1389 3678 1497 3737 ruens,
1518 3655 1669 3724 comitem
1696 3655 1730 3722 in
1762 3684 1825 3732 120

542 3767 724 3836 discrimine
738 3792 837 3859 prope
852 3770 994 3840 infensos
1014 3771 1121 3840 hostes
1140 3771 1241 3861 liquit,
1265 3770 1320 3838 vix
1334 3770 1343 3861 l
1358 3792 1377 3837 a
1390 3770 1536 3839 Vassallo
1551 3769 1729 3851 defensum,
1924 3771 1925 3804 l

541 3883 620 3952 dum
651 3884 778 3968 Galeaz,
810 3886 860 3954 cui
882 3908 916 3953 se
946 3885 1052 3968 dedat,
1076 3903 1208 3956 vocatus
1238 3887 1354 3955 veniat.
1402 3908 1478 3954 nam
1497 3884 1667 3956 Iacobinus
1690 3883 1731 3952 de

542 3999 723 4069 Landriano
744 3999 887 4088 peditum
910 3998 1109 4070 conestabilis
1132 4003 1236 4070 socios
1259 4001 1431 4070 exhortans
1453 4002 1485 4068 in
1510 4024 1596 4082 eum,
1633 4000 1732 4080 «hic,

541 4116 653 4204 inquit,
672 4135 817 4204 proterve
848 4137 967 4198 comes,
991 4117 1227 4207 extinguendus
1256 4135 1321 4186 erat
1343 4136 1415 4187 tuae
1445 4115 1609 4208 superbiae
1632 4117 1730 4186 furor.

541 4233 606 4298 iam
629 4230 750 4300 incensi
770 4231 939 4300 Landriani
958 4255 1079 4323 poenas
1102 4232 1190 4300 dabis
1205 4259 1235 4303 u.
1282 4255 1322 4302 eo
1349 4232 1479 4301 tandem
1503 4233 1661 4322 sociisque
1683 4255 1731 4301 re·
1764 4259 1824 4322 ¹25

540 4345 639 4430 iectis,
671 4348 788 4415 invitus
810 4349 900 4435 quasi
920 4367 950 4416 et
970 4375 985 4412 u
1010 4349 1103 4438 cupio
1130 4349 1244 4416 moria
1274 4347 1452 4418 vociferans
1472 4349 1590 4440 vixque
1614 4347 1732 4417 Galeaz

541 4483 610 4528 sese
634 4459 764 4543 dedens,
793 4483 876 4551 equo
895 4461 1064 4552 impositus
1083 4464 1115 4530 in
1139 4461 1251 4534 urbem
1276 4463 1374 4533 fertur
1388 4463 1433 4530 (¹).
1480 4465 1544 4531 iarn
1570 4463 1672 4532 hostis
1697 4465 1731 4532 in

593 4627 628 4682 (a)
642 4627 702 4672 Mur.
716 4627 816 4674 obiciunt
869 4631 906 4686 (b)
921 4629 981 4677 Mur.
997 4629 1098 4674 vulnerat

576 4759 617 4831 (t)
632 4761 652 4817 ΙΙ
666 4761 699 4818 C.
710 4763 751 4818 eil
765 4777 903 4819 narratore
916 4765 962 4836 piit
973 4764 1072 4822 diffuso
1081 4765 1114 4821 ed
1159 4767 1213 4834 nei,
1226 4767 1253 4822 di
1271 4767 1358 4840 questi
1373 4767 1532 4840 sanguinosi
1545 4765 1650 4840 episodi
1661 4763 1732 4820 della

541 4843 1116 4922 efficace,fratuttiicronisticontempnra·
1160 4851 1243 4906 storia
1266 4851 1441 4924 municipale
1468 4851 1620 4906 lombarda.
1658 4849 1733 4906 Sulla
