<?xml version="1.0" encoding="UTF-8"?>
<!DOCTYPE html PUBLIC "-//W3C//DTD XHTML 1.0 Transitional//EN"
    "http://www.w3.org/TR/xhtml1/DTD/xhtml1-transitional.dtd">
<html xmlns="http://www.w3.org/1999/xhtml" xml:lang="en" lang="en">
 <head>
  <title>
</title>
<meta http-equiv="Content-Type" content="text/html;charset=utf-8" />
  <meta name='ocr-system' content='tesseract 3.04.00' />
  <meta name='ocr-capabilities' content='ocr_page ocr_carea ocr_par ocr_line ocrx_word'/>
</head>
<body>
  <div class='ocr_page' id='page_1' title='image "./historiaiohanni01farrgoog_0164.png"; bbox 0 0 3860 5890; ppageno 0'>
   <div class='ocr_carea' id='block_1_1' title="bbox 534 457 1244 524">
    <p class='ocr_par' dir='ltr' id='par_1_1' title="bbox 534 457 1244 524">
     <span class='ocr_line' id='line_1_1' title="bbox 534 457 1244 524; baseline 0.003 -11"><span class='ocrx_word' id='word_1_1' title='bbox 534 457 596 524; x_wconf 83' lang='lat'>104</span> <span class='ocrx_word' id='word_1_2' title='bbox 999 457 1244 518; x_wconf 77' lang='lat' dir='ltr'>HISTORIA</span> 
     </span>
    </p>
   </div>
   <div class='ocr_carea' id='block_1_2' title="bbox 519 674 1786 4332">
    <p class='ocr_par' dir='ltr' id='par_1_2' title="bbox 519 674 1786 4332">
     <span class='ocr_line' id='line_1_2' title="bbox 528 674 1785 771; baseline 0.005 -27"><span class='ocrx_word' id='word_1_3' title='bbox 528 674 717 744; x_wconf 87' lang='lat' dir='ltr'>distantibus</span> <span class='ocrx_word' id='word_1_4' title='bbox 736 677 845 746; x_wconf 86' lang='lat' dir='ltr'>castris</span> <span class='ocrx_word' id='word_1_5' title='bbox 866 677 1024 768; x_wconf 87' lang='lat' dir='ltr'>dispersos</span> <span class='ocrx_word' id='word_1_6' title='bbox 1041 679 1151 749; x_wconf 90' lang='lat' dir='ltr'>hostes</span> <span class='ocrx_word' id='word_1_7' title='bbox 1168 679 1260 764; x_wconf 83' lang='lat' dir='ltr'>vidit,</span> <span class='ocrx_word' id='word_1_8' title='bbox 1274 699 1386 751; x_wconf 90' lang='lat' dir='ltr'>contra</span> <span class='ocrx_word' id='word_1_9' title='bbox 1404 704 1461 750; x_wconf 87' lang='lat' dir='ltr'>eos</span> <span class='ocrx_word' id='word_1_10' title='bbox 1475 705 1641 771; x_wconf 85' lang='lat' dir='ltr'>erumpere</span> <span class='ocrx_word' id='word_1_11' title='bbox 1656 706 1713 750; x_wconf 90' lang='lat' dir='ltr'>vo·</span> <span class='ocrx_word' id='word_1_12' title='bbox 1746 703 1785 770; x_wconf 90' lang='lat'>15</span> 
     </span>
     <span class='ocr_line' id='line_1_3' title="bbox 527 788 1713 884; baseline 0.008 -28"><span class='ocrx_word' id='word_1_13' title='bbox 527 788 632 870; x_wconf 91' lang='lat' dir='ltr'>luisse,</span> <span class='ocrx_word' id='word_1_14' title='bbox 651 790 877 880; x_wconf 89' lang='lat' dir='ltr'>empissetque,</span> <span class='ocrx_word' id='word_1_15' title='bbox 900 793 933 858; x_wconf 91' lang='lat' dir='ltr'>ni</span> <span class='ocrx_word' id='word_1_16' title='bbox 952 791 1143 861; x_wconf 89' lang='lat' dir='ltr'>Guillelmus</span> <span class='ocrx_word' id='word_1_17' title='bbox 1167 794 1365 863; x_wconf 84' lang='lat' dir='ltr'>Cavalcabos</span> <span class='ocrx_word' id='word_1_18' title='bbox 1382 795 1486 864; x_wconf 83' lang='lat' dir='ltr'>sidera</span> <span class='ocrx_word' id='word_1_19' title='bbox 1504 815 1535 863; x_wconf 91' lang='lat' dir='ltr'>et</span> <span class='ocrx_word' id='word_1_20' title='bbox 1558 819 1713 884; x_wconf 85' lang='lat' dir='ltr'>geoman-</span> 
     </span>
     <span class='ocr_line' id='line_1_4' title="bbox 527 903 1713 1000; baseline 0.008 -28"><span class='ocrx_word' id='word_1_21' title='bbox 527 905 590 972; x_wconf 86' lang='lat' dir='ltr'>tiae</span> <span class='ocrx_word' id='word_1_22' title='bbox 603 926 676 974; x_wconf 86' lang='lat' dir='ltr'>suas</span> <span class='ocrx_word' id='word_1_23' title='bbox 694 903 811 994; x_wconf 86' lang='lat' dir='ltr'>figuras</span> <span class='ocrx_word' id='word_1_24' title='bbox 829 925 984 976; x_wconf 88' lang='lat' dir='ltr'>scrutatus</span> <span class='ocrx_word' id='word_1_25' title='bbox 1007 926 1119 993; x_wconf 87' lang='lat' dir='ltr'>sortes,</span> <span class='ocrx_word' id='word_1_26' title='bbox 1133 909 1186 977; x_wconf 89' lang='lat' dir='ltr'>illa</span> <span class='ocrx_word' id='word_1_27' title='bbox 1202 909 1251 978; x_wconf 92' lang='lat' dir='ltr'>die</span> <span class='ocrx_word' id='word_1_28' title='bbox 1269 929 1416 1000; x_wconf 85' lang='lat' dir='ltr'>suspecta</span> <span class='ocrx_word' id='word_1_29' title='bbox 1433 913 1591 980; x_wconf 88' lang='lat' dir='ltr'>timuisset</span> <span class='ocrx_word' id='word_1_30' title='bbox 1605 935 1713 981; x_wconf 88' lang='lat' dir='ltr'>casum</span> 
     </span>
     <span class='ocr_line' id='line_1_5' title="bbox 527 1021 1712 1114; baseline 0.008 -29"><span class='ocrx_word' id='word_1_31' title='bbox 527 1041 633 1102; x_wconf 91' lang='lat' dir='ltr'>suum,</span> <span class='ocrx_word' id='word_1_32' title='bbox 657 1037 690 1088; x_wconf 91' lang='lat' dir='ltr'>et</span> <span class='ocrx_word' id='word_1_33' title='bbox 721 1021 837 1090; x_wconf 87' lang='lat' dir='ltr'>milites</span> <span class='ocrx_word' id='word_1_34' title='bbox 867 1023 932 1090; x_wconf 87' lang='lat' dir='ltr'>iam</span> <span class='ocrx_word' id='word_1_35' title='bbox 955 1023 1041 1090; x_wconf 84' lang='lat' dir='ltr'>exire</span> <span class='ocrx_word' id='word_1_36' title='bbox 1068 1043 1194 1114; x_wconf 88' lang='lat' dir='ltr'>paratos</span> <span class='ocrx_word' id='word_1_37' title='bbox 1217 1027 1299 1094; x_wconf 89' lang='lat' dir='ltr'>intra</span> <span class='ocrx_word' id='word_1_38' title='bbox 1320 1027 1451 1094; x_wconf 85' lang='lat' dir='ltr'>moenia</span> <span class='ocrx_word' id='word_1_39' title='bbox 1473 1027 1636 1110; x_wconf 91' lang='lat' dir='ltr'>tenuisset,</span> <span class='ocrx_word' id='word_1_40' title='bbox 1666 1029 1712 1095; x_wconf 92' lang='lat' dir='ltr'>in·</span> 
     </span>
     <span class='ocr_line' id='line_1_6' title="bbox 527 1135 1712 1232; baseline 0.005 -29"><span class='ocrx_word' id='word_1_41' title='bbox 527 1135 657 1223; x_wconf 89' lang='lat' dir='ltr'>quiens:</span> <span class='ocrx_word' id='word_1_42' title='bbox 681 1136 895 1228; x_wconf 81' lang='lat' dir='ltr'>«propinqua</span> <span class='ocrx_word' id='word_1_43' title='bbox 920 1137 1013 1206; x_wconf 92' lang='lat' dir='ltr'>nobis</span> <span class='ocrx_word' id='word_1_44' title='bbox 1040 1137 1178 1208; x_wconf 89' lang='lat' dir='ltr'>subsidia</span> <span class='ocrx_word' id='word_1_45' title='bbox 1205 1159 1289 1224; x_wconf 87' lang='lat' dir='ltr'>sunt,</span> <span class='ocrx_word' id='word_1_46' title='bbox 1312 1140 1427 1232; x_wconf 90' lang='lat' dir='ltr'>quibus</span> <span class='ocrx_word' id='word_1_47' title='bbox 1459 1141 1556 1210; x_wconf 90' lang='lat' dir='ltr'>tutius</span> <span class='ocrx_word' id='word_1_48' title='bbox 1571 1164 1712 1231; x_wconf 86' lang='lat' dir='ltr'>pugnare</span> 
     </span>
     <span class='ocr_line' id='line_1_7' title="bbox 527 1249 1786 1338; baseline 0.006 -21"><span class='ocrx_word' id='word_1_49' title='bbox 527 1249 683 1338; x_wconf 73' lang='lat' dir='ltr'>possitis»</span> <span class='ocrx_word' id='word_1_50' title='bbox 701 1251 747 1320; x_wconf 86' lang='lat'>(¹).</span> <span class='ocrx_word' id='word_1_51' title='bbox 1349 1303 1352 1308; x_wconf 84' lang='lat'>-</span> <span class='ocrx_word' id='word_1_52' title='bbox 1741 1275 1786 1324; x_wconf 91' lang='lat'>20</span> 
     </span>
     <span class='ocr_line' id='line_1_8' title="bbox 593 1367 1713 1460; baseline 0.006 -26"><span class='ocrx_word' id='word_1_53' title='bbox 593 1367 747 1435; x_wconf 89' lang='lat' dir='ltr'>XLVIII.</span> <span class='ocrx_word' id='word_1_54' title='bbox 792 1369 835 1436; x_wconf 88' lang='lat' dir='ltr'>At</span> <span class='ocrx_word' id='word_1_55' title='bbox 857 1367 1049 1436; x_wconf 87' lang='lat' dir='ltr'>Guilelmus</span> <span class='ocrx_word' id='word_1_56' title='bbox 1068 1370 1167 1438; x_wconf 87' lang='lat' dir='ltr'>vitare</span> <span class='ocrx_word' id='word_1_57' title='bbox 1191 1371 1302 1460; x_wconf 86' lang='lat' dir='ltr'>nequit</span> <span class='ocrx_word' id='word_1_58' title='bbox 1324 1393 1421 1460; x_wconf 88' lang='lat' dir='ltr'>quem</span> <span class='ocrx_word' id='word_1_59' title='bbox 1453 1393 1563 1440; x_wconf 89' lang='lat' dir='ltr'>casum</span> <span class='ocrx_word' id='word_1_60' title='bbox 1598 1370 1713 1440; x_wconf 86' lang='lat' dir='ltr'>dabant</span> 
     </span>
     <span class='ocr_line' id='line_1_9' title="bbox 526 1477 1711 1573; baseline 0.007 -27"><span class='ocrx_word' id='word_1_61' title='bbox 526 1477 599 1547; x_wconf 86' lang='lat' dir='ltr'>sata.</span> <span class='ocrx_word' id='word_1_62' title='bbox 645 1502 722 1548; x_wconf 90' lang='lat' dir='ltr'>nam</span> <span class='ocrx_word' id='word_1_63' title='bbox 744 1480 823 1550; x_wconf 90' lang='lat' dir='ltr'>dum</span> <span class='ocrx_word' id='word_1_64' title='bbox 841 1499 973 1572; x_wconf 89' lang='lat' dir='ltr'>utraque</span> <span class='ocrx_word' id='word_1_65' title='bbox 996 1505 1066 1572; x_wconf 88' lang='lat' dir='ltr'>pars</span> <span class='ocrx_word' id='word_1_66' title='bbox 1084 1507 1141 1552; x_wconf 88' lang='lat' dir='ltr'>sua</span> <span class='ocrx_word' id='word_1_67' title='bbox 1164 1503 1311 1573; x_wconf 84' lang='lat' dir='ltr'>expectat</span> <span class='ocrx_word' id='word_1_68' title='bbox 1323 1485 1464 1554; x_wconf 83' lang='lat' dir='ltr'>subsidia</span> <span class='ocrx_word' id='word_1_69' title='bbox 1476 1486 1523 1568; x_wconf 87' lang='lat'>(¹),</span> <span class='ocrx_word' id='word_1_70' title='bbox 1538 1486 1711 1568; x_wconf 84' lang='lat' dir='ltr'>Cremona,</span> 
     </span>
     <span class='ocr_line' id='line_1_10' title="bbox 525 1594 1713 1690; baseline 0.004 -27"><span class='ocrx_word' id='word_1_71' title='bbox 525 1616 622 1683; x_wconf 88' lang='lat' dir='ltr'>quam</span> <span class='ocrx_word' id='word_1_72' title='bbox 642 1594 864 1664; x_wconf 88' lang='lat' dir='ltr'>Mediolanum</span> <span class='ocrx_word' id='word_1_73' title='bbox 883 1598 1100 1687; x_wconf 89' lang='lat' dir='ltr'>propinquior,</span> <span class='ocrx_word' id='word_1_74' title='bbox 1116 1616 1148 1667; x_wconf 90' lang='lat' dir='ltr'>et</span> <span class='ocrx_word' id='word_1_75' title='bbox 1166 1621 1248 1688; x_wconf 88' lang='lat' dir='ltr'>quae</span> <span class='ocrx_word' id='word_1_76' title='bbox 1263 1602 1470 1690; x_wconf 87' lang='lat' dir='ltr'>praecognita</span> <span class='ocrx_word' id='word_1_77' title='bbox 1489 1622 1525 1668; x_wconf 86' lang='lat' dir='ltr'>ac</span> <span class='ocrx_word' id='word_1_78' title='bbox 1543 1598 1713 1668; x_wconf 87' lang='lat' dir='ltr'>deliberata</span> 
     </span>
     <span class='ocr_line' id='line_1_11' title="bbox 527 1710 1712 1804; baseline 0.003 -26"><span class='ocrx_word' id='word_1_79' title='bbox 527 1729 660 1778; x_wconf 86' lang='lat' dir='ltr'>noverat</span> <span class='ocrx_word' id='word_1_80' title='bbox 681 1711 819 1800; x_wconf 84' lang='lat' dir='ltr'>paratior</span> <span class='ocrx_word' id='word_1_81' title='bbox 840 1710 981 1778; x_wconf 87' lang='lat' dir='ltr'>subsidia</span> <span class='ocrx_word' id='word_1_82' title='bbox 1001 1714 1066 1780; x_wconf 91' lang='lat' dir='ltr'>suis</span> <span class='ocrx_word' id='word_1_83' title='bbox 1090 1711 1221 1782; x_wconf 90' lang='lat' dir='ltr'>ducibus</span> <span class='ocrx_word' id='word_1_84' title='bbox 1253 1716 1343 1804; x_wconf 90' lang='lat' dir='ltr'>quasi</span> <span class='ocrx_word' id='word_1_85' title='bbox 1365 1715 1478 1783; x_wconf 87' lang='lat' dir='ltr'>ultima</span> <span class='ocrx_word' id='word_1_86' title='bbox 1500 1736 1595 1804; x_wconf 90' lang='lat' dir='ltr'>posse</span> <span class='ocrx_word' id='word_1_87' title='bbox 1618 1714 1712 1782; x_wconf 90' lang='lat' dir='ltr'>desti-</span> 
     </span>
     <span class='ocr_line' id='line_1_12' title="bbox 525 1825 1758 1920; baseline 0.005 -28"><span class='ocrx_word' id='word_1_88' title='bbox 525 1848 601 1893; x_wconf 90' lang='lat' dir='ltr'>nare</span> <span class='ocrx_word' id='word_1_89' title='bbox 624 1825 761 1914; x_wconf 88' lang='lat' dir='ltr'>parabat,</span> <span class='ocrx_word' id='word_1_90' title='bbox 785 1849 853 1896; x_wconf 90' lang='lat' dir='ltr'>uon</span> <span class='ocrx_word' id='word_1_91' title='bbox 875 1825 976 1895; x_wconf 93' lang='lat' dir='ltr'>modo</span> <span class='ocrx_word' id='word_1_92' title='bbox 998 1849 1057 1916; x_wconf 93' lang='lat' dir='ltr'>pro</span> <span class='ocrx_word' id='word_1_93' title='bbox 1075 1827 1261 1911; x_wconf 88' lang='lat' dir='ltr'>obtinendo,</span> <span class='ocrx_word' id='word_1_94' title='bbox 1280 1830 1369 1920; x_wconf 90' lang='lat' dir='ltr'>quod</span> <span class='ocrx_word' id='word_1_95' title='bbox 1391 1847 1633 1920; x_wconf 87' lang='lat' dir='ltr'>occupaverant,</span> <span class='ocrx_word' id='word_1_96' title='bbox 1653 1853 1711 1918; x_wconf 94' lang='lat' dir='ltr'>op·</span> <span class='ocrx_word' id='word_1_97' title='bbox 1740 1851 1758 1916; x_wconf 83' lang='lat'><em>5</em></span> 
     </span>
     <span class='ocr_line' id='line_1_13' title="bbox 524 1939 1711 2035; baseline 0.005 -29"><span class='ocrx_word' id='word_1_98' title='bbox 524 1939 613 2029; x_wconf 89' lang='lat' dir='ltr'>pido,</span> <span class='ocrx_word' id='word_1_99' title='bbox 637 1963 749 2010; x_wconf 90' lang='lat' dir='ltr'>vetum</span> <span class='ocrx_word' id='word_1_100' title='bbox 771 1942 868 2008; x_wconf 89' lang='lat' dir='ltr'>etiam</span> <span class='ocrx_word' id='word_1_101' title='bbox 889 1958 925 2010; x_wconf 91' lang='lat' dir='ltr'>ut</span> <span class='ocrx_word' id='word_1_102' title='bbox 953 1964 1058 2032; x_wconf 88' lang='lat' dir='ltr'>aequo</span> <span class='ocrx_word' id='word_1_103' title='bbox 1080 1965 1196 2033; x_wconf 87' lang='lat' dir='ltr'>campo</span> <span class='ocrx_word' id='word_1_104' title='bbox 1219 1965 1295 2012; x_wconf 86' lang='lat' dir='ltr'>cum</span> <span class='ocrx_word' id='word_1_105' title='bbox 1312 1943 1458 2014; x_wconf 88' lang='lat' dir='ltr'>hostibus</span> <span class='ocrx_word' id='word_1_106' title='bbox 1489 1967 1558 2012; x_wconf 88' lang='lat' dir='ltr'>esse</span> <span class='ocrx_word' id='word_1_107' title='bbox 1580 1961 1711 2035; x_wconf 89' lang='lat' dir='ltr'>possent</span> 
     </span>
     <span class='ocr_line' id='line_1_14' title="bbox 525 2059 1711 2147; baseline 0.004 -24"><span class='ocrx_word' id='word_1_108' title='bbox 525 2079 562 2124; x_wconf 90' lang='lat' dir='ltr'>ac</span> <span class='ocrx_word' id='word_1_109' title='bbox 578 2080 689 2125; x_wconf 90' lang='lat' dir='ltr'>secum</span> <span class='ocrx_word' id='word_1_110' title='bbox 712 2081 867 2147; x_wconf 88' lang='lat' dir='ltr'>pugnare,</span> <span class='ocrx_word' id='word_1_111' title='bbox 884 2060 911 2127; x_wconf 91' lang='lat' dir='ltr'>si</span> <span class='ocrx_word' id='word_1_112' title='bbox 933 2059 1062 2129; x_wconf 88' lang='lat' dir='ltr'>fortuna</span> <span class='ocrx_word' id='word_1_113' title='bbox 1079 2061 1173 2143; x_wconf 91' lang='lat' dir='ltr'>sinat,</span> <span class='ocrx_word' id='word_1_114' title='bbox 1192 2060 1291 2130; x_wconf 92' lang='lat' dir='ltr'>totius</span> <span class='ocrx_word' id='word_1_115' title='bbox 1315 2061 1449 2130; x_wconf 86' lang='lat' dir='ltr'>civitatis</span> <span class='ocrx_word' id='word_1_116' title='bbox 1467 2059 1628 2130; x_wconf 86' lang='lat' dir='ltr'>effortium</span> <span class='ocrx_word' id='word_1_117' title='bbox 1646 2079 1711 2129; x_wconf 85' lang='lat' dir='ltr'>tam</span> 
     </span>
     <span class='ocr_line' id='line_1_15' title="bbox 523 2169 1711 2264; baseline 0.003 -26"><span class='ocrx_word' id='word_1_118' title='bbox 523 2169 667 2260; x_wconf 90' lang='lat' dir='ltr'>peditum</span> <span class='ocrx_word' id='word_1_119' title='bbox 696 2195 792 2261; x_wconf 89' lang='lat' dir='ltr'>quam</span> <span class='ocrx_word' id='word_1_120' title='bbox 815 2173 970 2263; x_wconf 89' lang='lat' dir='ltr'>equitum,</span> <span class='ocrx_word' id='word_1_121' title='bbox 1000 2174 1163 2244; x_wconf 88' lang='lat' dir='ltr'>sociorum</span> <span class='ocrx_word' id='word_1_122' title='bbox 1186 2174 1284 2244; x_wconf 87' lang='lat' dir='ltr'>etiam</span> <span class='ocrx_word' id='word_1_123' title='bbox 1306 2193 1477 2264; x_wconf 84' lang='lat' dir='ltr'>expectans</span> <span class='ocrx_word' id='word_1_124' title='bbox 1500 2175 1641 2264; x_wconf 90' lang='lat' dir='ltr'>undique</span> <span class='ocrx_word' id='word_1_125' title='bbox 1664 2197 1711 2242; x_wconf 91' lang='lat' dir='ltr'>re·</span> 
     </span>
     <span class='ocr_line' id='line_1_16' title="bbox 524 2281 1710 2376; baseline -0.002 -23"><span class='ocrx_word' id='word_1_126' title='bbox 524 2285 639 2373; x_wconf 89' lang='lat' dir='ltr'>quisita</span> <span class='ocrx_word' id='word_1_127' title='bbox 656 2284 805 2366; x_wconf 85' lang='lat' dir='ltr'>subsidia,</span> <span class='ocrx_word' id='word_1_128' title='bbox 828 2303 905 2354; x_wconf 87' lang='lat' dir='ltr'>tunc</span> <span class='ocrx_word' id='word_1_129' title='bbox 926 2281 1147 2375; x_wconf 75' lang='lat' dir='ltr'>praemittebat</span> <span class='ocrx_word' id='word_1_130' title='bbox 1165 2285 1388 2376; x_wconf 89' lang='lat' dir='ltr'>expeditorum</span> <span class='ocrx_word' id='word_1_131' title='bbox 1409 2285 1554 2376; x_wconf 91' lang='lat' dir='ltr'>peditum</span> <span class='ocrx_word' id='word_1_132' title='bbox 1576 2304 1710 2375; x_wconf 87' lang='lat' dir='ltr'>quantas</span> 
     </span>
     <span class='ocr_line' id='line_1_17' title="bbox 524 2397 1786 2489; baseline 0.002 -22"><span class='ocrx_word' id='word_1_133' title='bbox 524 2397 703 2468; x_wconf 88' lang='lat' dir='ltr'>conducere</span> <span class='ocrx_word' id='word_1_134' title='bbox 718 2418 865 2489; x_wconf 81' lang='lat' dir='ltr'>potuerat</span> <span class='ocrx_word' id='word_1_135' title='bbox 879 2400 988 2470; x_wconf 88' lang='lat' dir='ltr'>multis</span> <span class='ocrx_word' id='word_1_136' title='bbox 1012 2401 1122 2470; x_wconf 88' lang='lat' dir='ltr'>diebus</span> <span class='ocrx_word' id='word_1_137' title='bbox 1140 2419 1271 2472; x_wconf 73' lang='lat' dir='ltr'>nomas.</span> <span class='ocrx_word' id='word_1_138' title='bbox 1317 2402 1447 2471; x_wconf 88' lang='lat' dir='ltr'>iuterim</span> <span class='ocrx_word' id='word_1_139' title='bbox 1464 2422 1546 2470; x_wconf 87' lang='lat' dir='ltr'>unus</span> <span class='ocrx_word' id='word_1_140' title='bbox 1570 2423 1610 2470; x_wconf 84' lang='lat' dir='ltr'>ex</span> <span class='ocrx_word' id='word_1_141' title='bbox 1629 2424 1709 2469; x_wconf 92' lang='lat' dir='ltr'>nun·</span> <span class='ocrx_word' id='word_1_142' title='bbox 1745 2421 1786 2470; x_wconf 86' lang='lat' dir='ltr'>to</span> 
     </span>
     <span class='ocr_line' id='line_1_18' title="bbox 525 2514 1710 2607; baseline 0 -25"><span class='ocrx_word' id='word_1_143' title='bbox 525 2515 591 2598; x_wconf 90' lang='lat' dir='ltr'>ciis,</span> <span class='ocrx_word' id='word_1_144' title='bbox 605 2515 659 2604; x_wconf 94' lang='lat' dir='ltr'>qui</span> <span class='ocrx_word' id='word_1_145' title='bbox 673 2514 820 2584; x_wconf 87' lang='lat' dir='ltr'>destinati</span> <span class='ocrx_word' id='word_1_146' title='bbox 838 2514 963 2584; x_wconf 86' lang='lat' dir='ltr'>fuerant</span> <span class='ocrx_word' id='word_1_147' title='bbox 981 2516 1146 2605; x_wconf 85' lang='lat' dir='ltr'>explorare</span> <span class='ocrx_word' id='word_1_148' title='bbox 1159 2516 1238 2607; x_wconf 88' lang='lat' dir='ltr'>quid</span> <span class='ocrx_word' id='word_1_149' title='bbox 1255 2517 1436 2585; x_wconf 79' lang='lat' dir='ltr'>Cremonae</span> <span class='ocrx_word' id='word_1_150' title='bbox 1449 2533 1573 2604; x_wconf 89' lang='lat' dir='ltr'>pararet</span> <span class='ocrx_word' id='word_1_151' title='bbox 1588 2515 1710 2582; x_wconf 88' lang='lat' dir='ltr'>hostica</span> 
     </span>
     <span class='ocr_line' id='line_1_19' title="bbox 523 2631 1709 2722; baseline -0.002 -22"><span class='ocrx_word' id='word_1_152' title='bbox 523 2655 603 2722; x_wconf 87' lang='lat' dir='ltr'>gens</span> <span class='ocrx_word' id='word_1_153' title='bbox 633 2631 853 2721; x_wconf 90' lang='lat' dir='ltr'>Guelphorum</span> <span class='ocrx_word' id='word_1_154' title='bbox 876 2632 1020 2722; x_wconf 87' lang='lat' dir='ltr'>peditum</span> <span class='ocrx_word' id='word_1_155' title='bbox 1054 2655 1136 2722; x_wconf 90' lang='lat' dir='ltr'>quos</span> <span class='ocrx_word' id='word_1_156' title='bbox 1163 2634 1328 2702; x_wconf 87' lang='lat' dir='ltr'>Cremona</span> <span class='ocrx_word' id='word_1_157' title='bbox 1357 2631 1564 2715; x_wconf 85' lang='lat' dir='ltr'>conduxerat,</span> <span class='ocrx_word' id='word_1_158' title='bbox 1590 2649 1709 2700; x_wconf 88' lang='lat' dir='ltr'>temere</span> 
     </span>
     <span class='ocr_line' id='line_1_20' title="bbox 523 2747 1709 2837; baseline 0 -23"><span class='ocrx_word' id='word_1_159' title='bbox 523 2747 722 2816; x_wconf 86' lang='lat' dir='ltr'>venientium</span> <span class='ocrx_word' id='word_1_160' title='bbox 741 2749 773 2815; x_wconf 90' lang='lat' dir='ltr'>iu</span> <span class='ocrx_word' id='word_1_161' title='bbox 792 2747 903 2816; x_wconf 90' lang='lat' dir='ltr'>itinere</span> <span class='ocrx_word' id='word_1_162' title='bbox 926 2749 1092 2837; x_wconf 88' lang='lat' dir='ltr'>strepitum</span> <span class='ocrx_word' id='word_1_163' title='bbox 1115 2771 1151 2816; x_wconf 88' lang='lat' dir='ltr'>ac</span> <span class='ocrx_word' id='word_1_164' title='bbox 1174 2748 1350 2817; x_wconf 91' lang='lat' dir='ltr'>tumultum</span> <span class='ocrx_word' id='word_1_165' title='bbox 1386 2750 1492 2830; x_wconf 89' lang='lat' dir='ltr'>sentit,</span> <span class='ocrx_word' id='word_1_166' title='bbox 1512 2766 1543 2815; x_wconf 93' lang='lat' dir='ltr'>et</span> <span class='ocrx_word' id='word_1_167' title='bbox 1573 2747 1709 2835; x_wconf 86' lang='lat' dir='ltr'>cognitis</span> 
     </span>
     <span class='ocr_line' id='line_1_21' title="bbox 523 2861 1707 2953; baseline 0 -25"><span class='ocrx_word' id='word_1_168' title='bbox 523 2861 661 2950; x_wconf 84' lang='lat' dir='ltr'>alonge</span> <span class='ocrx_word' id='word_1_169' title='bbox 691 2861 833 2931; x_wconf 89' lang='lat' dir='ltr'>hostium</span> <span class='ocrx_word' id='word_1_170' title='bbox 856 2865 966 2953; x_wconf 87' lang='lat' dir='ltr'>signis,</span> <span class='ocrx_word' id='word_1_171' title='bbox 996 2862 1035 2931; x_wconf 94' lang='lat' dir='ltr'>ad</span> <span class='ocrx_word' id='word_1_172' title='bbox 1060 2863 1212 2932; x_wconf 87' lang='lat' dir='ltr'>comitem</span> <span class='ocrx_word' id='word_1_173' title='bbox 1239 2863 1430 2931; x_wconf 87' lang='lat' dir='ltr'>Varnerium</span> <span class='ocrx_word' id='word_1_174' title='bbox 1454 2881 1486 2930; x_wconf 91' lang='lat' dir='ltr'>er</span> <span class='ocrx_word' id='word_1_175' title='bbox 1515 2861 1707 2930; x_wconf 90' lang='lat' dir='ltr'>Cressooem</span> 
     </span>
     <span class='ocr_line' id='line_1_22' title="bbox 524 2976 1780 3066; baseline -0.005 -20"><span class='ocrx_word' id='word_1_176' title='bbox 524 2976 701 3046; x_wconf 88' lang='lat' dir='ltr'>Cn&#39;vellum</span> <span class='ocrx_word' id='word_1_177' title='bbox 729 2976 819 3060; x_wconf 88' lang='lat' dir='ltr'>redit,</span> <span class='ocrx_word' id='word_1_178' title='bbox 852 2977 990 3048; x_wconf 89' lang='lat' dir='ltr'>referens</span> <span class='ocrx_word' id='word_1_179' title='bbox 1013 3001 1051 3047; x_wconf 86' lang='lat' dir='ltr'>ea</span> <span class='ocrx_word' id='word_1_180' title='bbox 1072 2979 1216 3048; x_wconf 89' lang='lat' dir='ltr'>hostium</span> <span class='ocrx_word' id='word_1_181' title='bbox 1242 2976 1380 3046; x_wconf 90' lang='lat' dir='ltr'>subsidia</span> <span class='ocrx_word' id='word_1_182' title='bbox 1409 2979 1474 3045; x_wconf 85' lang='lat' dir='ltr'>iam</span> <span class='ocrx_word' id='word_1_183' title='bbox 1506 2999 1605 3066; x_wconf 89' lang='lat' dir='ltr'>prope</span> <span class='ocrx_word' id='word_1_184' title='bbox 1628 2997 1707 3044; x_wconf 89' lang='lat' dir='ltr'>esse.</span> <span class='ocrx_word' id='word_1_185' title='bbox 1741 2995 1780 3061; x_wconf 87' lang='lat'>15</span> 
     </span>
     <span class='ocr_line' id='line_1_23' title="bbox 523 3089 1708 3182; baseline -0.003 -24"><span class='ocrx_word' id='word_1_186' title='bbox 523 3089 600 3158; x_wconf 91' lang='lat' dir='ltr'>dum</span> <span class='ocrx_word' id='word_1_187' title='bbox 617 3108 725 3159; x_wconf 88' lang='lat' dir='ltr'>autem</span> <span class='ocrx_word' id='word_1_188' title='bbox 748 3091 921 3160; x_wconf 87' lang='lat' dir='ltr'>consulitur</span> <span class='ocrx_word' id='word_1_189' title='bbox 938 3091 1016 3182; x_wconf 86' lang='lat' dir='ltr'>quid</span> <span class='ocrx_word' id='word_1_190' title='bbox 1033 3091 1195 3180; x_wconf 87' lang='lat' dir='ltr'>agendum</span> <span class='ocrx_word' id='word_1_191' title='bbox 1218 3091 1268 3174; x_wconf 90' lang='lat' dir='ltr'>sit,</span> <span class='ocrx_word' id='word_1_192' title='bbox 1289 3091 1406 3161; x_wconf 87' lang='lat' dir='ltr'>Cresso</span> <span class='ocrx_word' id='word_1_193' title='bbox 1422 3090 1597 3159; x_wconf 88' lang='lat' dir='ltr'>indomitus</span> <span class='ocrx_word' id='word_1_194' title='bbox 1613 3094 1708 3156; x_wconf 85' lang='lat' dir='ltr'>armis</span> 
     </span>
     <span class='ocr_line' id='line_1_24' title="bbox 522 3201 1708 3296; baseline -0.001 -25"><span class='ocrx_word' id='word_1_195' title='bbox 522 3225 620 3275; x_wconf 88' lang='lat' dir='ltr'>senex</span> <span class='ocrx_word' id='word_1_196' title='bbox 643 3205 798 3276; x_wconf 84' lang='lat' dir='ltr'>vociferat</span> <span class='ocrx_word' id='word_1_197' title='bbox 829 3206 890 3276; x_wconf 85' lang='lat' dir='ltr'>alta</span> <span class='ocrx_word' id='word_1_198' title='bbox 908 3229 1006 3275; x_wconf 86' lang='lat' dir='ltr'>voce:</span> <span class='ocrx_word' id='word_1_199' title='bbox 1035 3205 1142 3296; x_wconf 79' lang='lat' dir='ltr'>equid</span> <span class='ocrx_word' id='word_1_200' title='bbox 1165 3207 1281 3274; x_wconf 88' lang='lat' dir='ltr'>inertes</span> <span class='ocrx_word' id='word_1_201' title='bbox 1300 3227 1425 3272; x_wconf 89' lang='lat' dir='ltr'>moram</span> <span class='ocrx_word' id='word_1_202' title='bbox 1443 3203 1624 3273; x_wconf 86' lang='lat' dir='ltr'>trahimus?</span> <span class='ocrx_word' id='word_1_203' title='bbox 1668 3201 1708 3271; x_wconf 89' lang='lat' dir='ltr'>ad</span> 
     </span>
     <span class='ocr_line' id='line_1_25' title="bbox 521 3319 1707 3404; baseline 0 -16"><span class='ocrx_word' id='word_1_204' title='bbox 521 3342 589 3399; x_wconf 86' lang='lat' dir='ltr'>eos,</span> <span class='ocrx_word' id='word_1_205' title='bbox 604 3320 644 3388; x_wconf 88' lang='lat' dir='ltr'>ad</span> <span class='ocrx_word' id='word_1_206' title='bbox 666 3343 723 3389; x_wconf 90' lang='lat' dir='ltr'>eos</span> <span class='ocrx_word' id='word_1_207' title='bbox 737 3347 769 3404; x_wconf 78' lang='lat' dir='ltr'>a,</span> <span class='ocrx_word' id='word_1_208' title='bbox 789 3344 900 3389; x_wconf 82' lang='lat' dir='ltr'>versus</span> <span class='ocrx_word' id='word_1_209' title='bbox 912 3321 1110 3391; x_wconf 89' lang='lat' dir='ltr'>venientium</span> <span class='ocrx_word' id='word_1_210' title='bbox 1126 3320 1268 3390; x_wconf 90' lang='lat' dir='ltr'>hostium</span> <span class='ocrx_word' id='word_1_211' title='bbox 1280 3321 1339 3390; x_wconf 86' lang='lat' dir='ltr'>iter</span> <span class='ocrx_word' id='word_1_212' title='bbox 1351 3319 1480 3389; x_wconf 85' lang='lat' dir='ltr'>dextera</span> <span class='ocrx_word' id='word_1_213' title='bbox 1491 3342 1589 3388; x_wconf 91' lang='lat' dir='ltr'>manu</span> <span class='ocrx_word' id='word_1_214' title='bbox 1613 3319 1707 3388; x_wconf 88' lang='lat' dir='ltr'>mini·</span> 
     </span>
     <span class='ocr_line' id='line_1_26' title="bbox 521 3433 1707 3524; baseline -0.002 -22"><span class='ocrx_word' id='word_1_215' title='bbox 521 3453 601 3502; x_wconf 79' lang='lat' dir='ltr'>tans</span> <span class='ocrx_word' id='word_1_216' title='bbox 647 3453 723 3504; x_wconf 87' lang='lat' dir='ltr'>tunc</span> <span class='ocrx_word' id='word_1_217' title='bbox 738 3458 848 3504; x_wconf 89' lang='lat' dir='ltr'>comes</span> <span class='ocrx_word' id='word_1_218' title='bbox 866 3436 1050 3519; x_wconf 87' lang='lat' dir='ltr'>Vamerius,</span> <span class='ocrx_word' id='word_1_219' title='bbox 1065 3453 1192 3504; x_wconf 89' lang='lat' dir='ltr'>nostrae</span> <span class='ocrx_word' id='word_1_220' title='bbox 1210 3435 1339 3524; x_wconf 88' lang='lat' dir='ltr'>linguae</span> <span class='ocrx_word' id='word_1_221' title='bbox 1353 3433 1450 3516; x_wconf 89' lang='lat' dir='ltr'>rudis,</span> <span class='ocrx_word' id='word_1_222' title='bbox 1470 3434 1637 3503; x_wconf 91' lang='lat' dir='ltr'>Cressonis</span> <span class='ocrx_word' id='word_1_223' title='bbox 1652 3456 1707 3500; x_wconf 89' lang='lat' dir='ltr'>vo·</span> 
     </span>
     <span class='ocr_line' id='line_1_27' title="bbox 521 3547 1780 3640; baseline -0.003 -22"><span class='ocrx_word' id='word_1_224' title='bbox 521 3573 592 3619; x_wconf 90' lang='lat' dir='ltr'>cem</span> <span class='ocrx_word' id='word_1_225' title='bbox 608 3569 639 3618; x_wconf 89' lang='lat' dir='ltr'>et</span> <span class='ocrx_word' id='word_1_226' title='bbox 651 3569 758 3619; x_wconf 86' lang='lat' dir='ltr'>actum</span> <span class='ocrx_word' id='word_1_227' title='bbox 773 3573 840 3620; x_wconf 91' lang='lat' dir='ltr'>non</span> <span class='ocrx_word' id='word_1_228' title='bbox 854 3551 1043 3640; x_wconf 86' lang='lat' dir='ltr'>intelligens,</span> <span class='ocrx_word' id='word_1_229' title='bbox 1058 3549 1134 3639; x_wconf 88' lang='lat' dir='ltr'>quid</span> <span class='ocrx_word' id='word_1_230' title='bbox 1147 3547 1224 3618; x_wconf 85' lang='lat' dir='ltr'>ferat</span> <span class='ocrx_word' id='word_1_231' title='bbox 1236 3551 1418 3638; x_wconf 87' lang='lat' dir='ltr'>interrogat,</span> <span class='ocrx_word' id='word_1_232' title='bbox 1433 3569 1465 3618; x_wconf 93' lang='lat' dir='ltr'>et</span> <span class='ocrx_word' id='word_1_233' title='bbox 1480 3548 1520 3616; x_wconf 91' lang='lat' dir='ltr'>ab</span> <span class='ocrx_word' id='word_1_234' title='bbox 1535 3549 1705 3638; x_wconf 88' lang='lat' dir='ltr'>interprete</span> <span class='ocrx_word' id='word_1_235' title='bbox 1735 3567 1780 3614; x_wconf 92' lang='lat'>20</span> 
     </span>
     <span class='ocr_line' id='line_1_28' title="bbox 520 3664 1706 3756; baseline -0.003 -23"><span class='ocrx_word' id='word_1_236' title='bbox 520 3667 679 3735; x_wconf 89' lang='lat' dir='ltr'>intentum</span> <span class='ocrx_word' id='word_1_237' title='bbox 698 3667 865 3736; x_wconf 88' lang='lat' dir='ltr'>Cressonis</span> <span class='ocrx_word' id='word_1_238' title='bbox 881 3666 1070 3756; x_wconf 86' lang='lat' dir='ltr'>intelligens,</span> <span class='ocrx_word' id='word_1_239' title='bbox 1085 3664 1276 3754; x_wconf 86' lang='lat' dir='ltr'>probitatem</span> <span class='ocrx_word' id='word_1_240' title='bbox 1295 3665 1362 3734; x_wconf 92' lang='lat' dir='ltr'>eius</span> <span class='ocrx_word' id='word_1_241' title='bbox 1378 3665 1495 3746; x_wconf 88' lang='lat' dir='ltr'>laudat,</span> <span class='ocrx_word' id='word_1_242' title='bbox 1514 3683 1546 3732; x_wconf 93' lang='lat' dir='ltr'>et</span> <span class='ocrx_word' id='word_1_243' title='bbox 1566 3665 1706 3732; x_wconf 85' lang='lat' dir='ltr'>maxima</span> 
     </span>
     <span class='ocr_line' id='line_1_29' title="bbox 521 3779 1704 3870; baseline -0.003 -21"><span class='ocrx_word' id='word_1_244' title='bbox 521 3780 735 3849; x_wconf 82' lang='lat' dir='ltr'>exultatione:</span> <span class='ocrx_word' id='word_1_245' title='bbox 759 3805 842 3870; x_wconf 88' lang='lat' dir='ltr'>«per</span> <span class='ocrx_word' id='word_1_246' title='bbox 863 3781 962 3850; x_wconf 87' lang='lat' dir='ltr'>fidem</span> <span class='ocrx_word' id='word_1_247' title='bbox 977 3799 1128 3848; x_wconf 88' lang='lat' dir='ltr'>meamet</span> <span class='ocrx_word' id='word_1_248' title='bbox 1150 3779 1269 3850; x_wconf 86' lang='lat' dir='ltr'>factum</span> <span class='ocrx_word' id='word_1_249' title='bbox 1293 3781 1394 3864; x_wconf 74' lang='lat' dir='ltr'>erite,</span> <span class='ocrx_word' id='word_1_250' title='bbox 1407 3781 1704 3870; x_wconf 87' lang='lat' dir='ltr'>inquiens‚signum</span> 
     </span>
     <span class='ocr_line' id='line_1_30' title="bbox 520 3893 1706 3984; baseline -0.002 -22"><span class='ocrx_word' id='word_1_251' title='bbox 520 3893 603 3962; x_wconf 89' lang='lat' dir='ltr'>tubis</span> <span class='ocrx_word' id='word_1_252' title='bbox 635 3895 700 3963; x_wconf 87' lang='lat' dir='ltr'>dari</span> <span class='ocrx_word' id='word_1_253' title='bbox 723 3897 824 3964; x_wconf 89' lang='lat' dir='ltr'>iussit.</span> <span class='ocrx_word' id='word_1_254' title='bbox 869 3897 975 3984; x_wconf 89' lang='lat' dir='ltr'>iraque</span> <span class='ocrx_word' id='word_1_255' title='bbox 1007 3918 1080 3963; x_wconf 91' lang='lat' dir='ltr'>curn</span> <span class='ocrx_word' id='word_1_256' title='bbox 1103 3895 1194 3962; x_wconf 90' lang='lat' dir='ltr'>omni</span> <span class='ocrx_word' id='word_1_257' title='bbox 1216 3895 1357 3984; x_wconf 85' lang='lat' dir='ltr'>equitatu</span> <span class='ocrx_word' id='word_1_258' title='bbox 1377 3893 1526 3963; x_wconf 87' lang='lat' dir='ltr'>adversus</span> <span class='ocrx_word' id='word_1_259' title='bbox 1544 3911 1610 3962; x_wconf 88' lang='lat' dir='ltr'>tam</span> <span class='ocrx_word' id='word_1_260' title='bbox 1634 3916 1706 3982; x_wconf 88' lang='lat' dir='ltr'>pro·</span> 
     </span>
     <span class='ocr_line' id='line_1_31' title="bbox 519 4009 1705 4101; baseline -0.004 -22"><span class='ocrx_word' id='word_1_261' title='bbox 519 4011 656 4101; x_wconf 90' lang='lat' dir='ltr'>pinquos</span> <span class='ocrx_word' id='word_1_262' title='bbox 672 4011 780 4080; x_wconf 87' lang='lat' dir='ltr'>hostes</span> <span class='ocrx_word' id='word_1_263' title='bbox 798 4013 831 4079; x_wconf 91' lang='lat' dir='ltr'>in</span> <span class='ocrx_word' id='word_1_264' title='bbox 850 4011 1011 4081; x_wconf 89' lang='lat' dir='ltr'>Guillelmi</span> <span class='ocrx_word' id='word_1_265' title='bbox 1028 4009 1206 4080; x_wconf 88' lang='lat' dir='ltr'>subsidium</span> <span class='ocrx_word' id='word_1_266' title='bbox 1221 4011 1387 4078; x_wconf 88' lang='lat' dir='ltr'>venientes</span> <span class='ocrx_word' id='word_1_267' title='bbox 1405 4009 1498 4078; x_wconf 88' lang='lat' dir='ltr'>celeri</span> <span class='ocrx_word' id='word_1_268' title='bbox 1519 4030 1613 4099; x_wconf 86' lang='lat' dir='ltr'>passu</span> <span class='ocrx_word' id='word_1_269' title='bbox 1637 4025 1705 4075; x_wconf 92' lang='lat' dir='ltr'>ten·</span> 
     </span>
     <span class='ocr_line' id='line_1_32' title="bbox 520 4122 1776 4217; baseline -0.003 -23"><span class='ocrx_word' id='word_1_270' title='bbox 520 4124 615 4210; x_wconf 87' lang='lat' dir='ltr'>ditur,</span> <span class='ocrx_word' id='word_1_271' title='bbox 632 4149 714 4217; x_wconf 91' lang='lat' dir='ltr'>quos</span> <span class='ocrx_word' id='word_1_272' title='bbox 737 4126 913 4216; x_wconf 82' lang='lat' dir='ltr'>improviso</span> <span class='ocrx_word' id='word_1_273' title='bbox 935 4125 975 4194; x_wconf 92' lang='lat' dir='ltr'>de</span> <span class='ocrx_word' id='word_1_274' title='bbox 1006 4125 1112 4194; x_wconf 91' lang='lat' dir='ltr'>subito</span> <span class='ocrx_word' id='word_1_275' title='bbox 1129 4127 1251 4216; x_wconf 90' lang='lat' dir='ltr'>impetu</span> <span class='ocrx_word' id='word_1_276' title='bbox 1281 4123 1369 4192; x_wconf 84' lang='lat' dir='ltr'>fusos</span> <span class='ocrx_word' id='word_1_277' title='bbox 1392 4122 1433 4192; x_wconf 86' lang='lat' dir='ltr'>ad</span> <span class='ocrx_word' id='word_1_278' title='bbox 1455 4123 1579 4192; x_wconf 89' lang='lat' dir='ltr'>libitum</span> <span class='ocrx_word' id='word_1_279' title='bbox 1604 4123 1706 4190; x_wconf 88' lang='lat' dir='ltr'>victor</span> <span class='ocrx_word' id='word_1_280' title='bbox 1734 4143 1776 4209; x_wconf 86' lang='lat'>25</span> 
     </span>
     <span class='ocr_line' id='line_1_33' title="bbox 520 4237 1705 4332; baseline -0.004 -22"><span class='ocrx_word' id='word_1_281' title='bbox 520 4241 630 4312; x_wconf 83' lang='lat' dir='ltr'>caedit</span> <span class='ocrx_word' id='word_1_282' title='bbox 675 4263 795 4332; x_wconf 87' lang='lat' dir='ltr'>paucos</span> <span class='ocrx_word' id='word_1_283' title='bbox 818 4239 895 4332; x_wconf 87' lang='lat' dir='ltr'>fuga</span> <span class='ocrx_word' id='word_1_284' title='bbox 924 4240 1030 4309; x_wconf 84' lang='lat' dir='ltr'>salvos</span> <span class='ocrx_word' id='word_1_285' title='bbox 1061 4240 1146 4324; x_wconf 84' lang='lat' dir='ltr'>lecit,</span> <span class='ocrx_word' id='word_1_286' title='bbox 1168 4262 1244 4309; x_wconf 89' lang='lat' dir='ltr'>nam</span> <span class='ocrx_word' id='word_1_287' title='bbox 1264 4239 1351 4310; x_wconf 89' lang='lat' dir='ltr'>nulla</span> <span class='ocrx_word' id='word_1_288' title='bbox 1370 4257 1456 4328; x_wconf 84' lang='lat' dir='ltr'>parte</span> <span class='ocrx_word' id='word_1_289' title='bbox 1480 4237 1619 4326; x_wconf 79' lang='lat' dir='ltr'>fugacis</span> <span class='ocrx_word' id='word_1_290' title='bbox 1638 4255 1705 4306; x_wconf 82' lang='lat' dir='ltr'>tuta</span> 
     </span>
    </p>
   </div>
   <div class='ocr_carea' id='block_1_3' title="bbox 572 4435 917 4494">
    <p class='ocr_par' dir='ltr' id='par_1_3' title="bbox 572 4435 917 4494">
     <span class='ocr_line' id='line_1_34' title="bbox 572 4435 917 4494; baseline 0.003 -2"><span class='ocrx_word' id='word_1_291' title='bbox 572 4437 604 4494; x_wconf 78' lang='grc' dir='ltr'>(ι)</span> <span class='ocrx_word' id='word_1_292' title='bbox 618 4436 679 4484; x_wconf 69' lang='grc' dir='ltr'>Ην·</span> <span class='ocrx_word' id='word_1_293' title='bbox 694 4435 734 4481; x_wconf 68' lang='grc' dir='ltr'>Βῠ</span> <span class='ocrx_word' id='word_1_294' title='bbox 747 4446 801 4494; x_wconf 76' lang='lat' dir='ltr'>rm</span> <span class='ocrx_word' id='word_1_295' title='bbox 814 4441 917 4493; x_wconf 68' lang='lat' dir='ltr'>expensi</span> 
     </span>
    </p>
   </div>
   <div class='ocr_carea' id='block_1_4' title="bbox 518 4601 1705 4844">
    <p class='ocr_par' dir='ltr' id='par_1_4' title="bbox 518 4601 1705 4844">
     <span class='ocr_line' id='line_1_35' title="bbox 553 4601 1705 4678; baseline -0.003 -18"><span class='ocrx_word' id='word_1_296' title='bbox 553 4605 595 4678; x_wconf 89' lang='lat' dir='ltr'>(t)</span> <span class='ocrx_word' id='word_1_297' title='bbox 609 4605 646 4660; x_wconf 90' lang='lat' dir='ltr'>Di</span> <span class='ocrx_word' id='word_1_298' title='bbox 660 4605 708 4660; x_wconf 84' lang='lat' dir='ltr'>tali</span> <span class='ocrx_word' id='word_1_299' title='bbox 723 4605 781 4660; x_wconf 80' lang='lat' dir='ltr'>fatti</span> <span class='ocrx_word' id='word_1_300' title='bbox 797 4604 817 4659; x_wconf 91' lang='lat' dir='ltr'>il</span> <span class='ocrx_word' id='word_1_301' title='bbox 831 4605 875 4678; x_wconf 85' lang='lat' dir='ltr'>piir</span> <span class='ocrx_word' id='word_1_302' title='bbox 895 4604 1057 4678; x_wconf 82' lang='lat' dir='ltr'>particolare</span> <span class='ocrx_word' id='word_1_303' title='bbox 1075 4619 1090 4657; x_wconf 86' lang='lat' dir='ltr'>e</span> <span class='ocrx_word' id='word_1_304' title='bbox 1136 4619 1151 4657; x_wconf 88' lang='lat' dir='ltr'>e</span> <span class='ocrx_word' id='word_1_305' title='bbox 1167 4601 1187 4656; x_wconf 93' lang='lat' dir='ltr'>il</span> <span class='ocrx_word' id='word_1_306' title='bbox 1202 4601 1320 4657; x_wconf 80' lang='lat' dir='ltr'>cronista</span> <span class='ocrx_word' id='word_1_307' title='bbox 1343 4603 1487 4675; x_wconf 80' lang='lat' dir='ltr'>reggian03</span> <span class='ocrx_word' id='word_1_308' title='bbox 1506 4613 1545 4657; x_wconf 87' lang='lat' dir='ltr'>tra</span> <span class='ocrx_word' id='word_1_309' title='bbox 1561 4601 1598 4674; x_wconf 84' lang='lat' dir='ltr'>gli</span> <span class='ocrx_word' id='word_1_310' title='bbox 1613 4601 1705 4657; x_wconf 85' lang='lat' dir='ltr'>storiti</span> 
     </span>
     <span class='ocr_line' id='line_1_36' title="bbox 518 4685 1704 4760; baseline -0.003 -16"><span class='ocrx_word' id='word_1_311' title='bbox 518 4689 614 4745; x_wconf 74' lang='lat' dir='ltr'>vitate</span> <span class='ocrx_word' id='word_1_312' title='bbox 626 4701 765 4746; x_wconf 75' lang='lat' dir='ltr'>namatore</span> <span class='ocrx_word' id='word_1_313' title='bbox 780 4691 795 4743; x_wconf 77' lang='grc' dir='ltr'><strong>ὲ</strong></span> <span class='ocrx_word' id='word_1_314' title='bbox 810 4688 830 4744; x_wconf 90' lang='lat' dir='ltr'>il</span> <span class='ocrx_word' id='word_1_315' title='bbox 845 4699 940 4744; x_wconf 86' lang='lat' dir='ltr'>nostro</span> <span class='ocrx_word' id='word_1_316' title='bbox 954 4689 1001 4754; x_wconf 89' lang='lat' dir='ltr'>C.;</span> <span class='ocrx_word' id='word_1_317' title='bbox 1016 4688 1090 4760; x_wconf 90' lang='lat' dir='ltr'>dopo</span> <span class='ocrx_word' id='word_1_318' title='bbox 1135 4687 1269 4754; x_wconf 87' lang='lat' dir='ltr'>milanesi,</span> <span class='ocrx_word' id='word_1_319' title='bbox 1283 4686 1412 4743; x_wconf 83' lang='lat' dir='ltr'>Tristano</span> <span class='ocrx_word' id='word_1_320' title='bbox 1425 4685 1512 4742; x_wconf 84' lang='lat' dir='ltr'>Calco</span> <span class='ocrx_word' id='word_1_321' title='bbox 1526 4703 1542 4742; x_wconf 87' lang='lat' dir='ltr'>e</span> <span class='ocrx_word' id='word_1_322' title='bbox 1555 4687 1574 4741; x_wconf 88' lang='lat' dir='ltr'>il</span> <span class='ocrx_word' id='word_1_323' title='bbox 1585 4685 1704 4752; x_wconf 53' lang='lat' dir='ltr'>Merula</span> 
     </span>
     <span class='ocr_line' id='line_1_37' title="bbox 519 4769 1705 4844; baseline -0.004 -16"><span class='ocrx_word' id='word_1_324' title='bbox 519 4772 558 4828; x_wconf 88' lang='lat' dir='ltr'>lui</span> <span class='ocrx_word' id='word_1_325' title='bbox 579 4789 707 4844; x_wconf 78' lang='lat' dir='ltr'>vengono</span> <span class='ocrx_word' id='word_1_326' title='bbox 731 4773 750 4828; x_wconf 88' lang='lat' dir='ltr'>il</span> <span class='ocrx_word' id='word_1_327' title='bbox 774 4772 905 4838; x_wconf 80' lang='lat' dir='ltr'>Muasato,</span> <span class='ocrx_word' id='word_1_328' title='bbox 930 4771 948 4826; x_wconf 86' lang='lat' dir='ltr'>il</span> <span class='ocrx_word' id='word_1_329' title='bbox 971 4771 1088 4842; x_wconf 86' lang='lat' dir='ltr'>Morigia</span> <span class='ocrx_word' id='word_1_330' title='bbox 1134 4769 1705 4844; x_wconf 80' lang='lat' dir='ltr'>traicremonesi,ilCampoeilCavitelli.</span> 
     </span>
    </p>
   </div>
   <div class='ocr_carea' id='block_1_5' title="bbox 0 0 1934 5890">
    <p class='ocr_par' dir='ltr' id='par_1_5' title="bbox 0 0 1934 5890">
     <span class='ocr_line' id='line_1_38' title="bbox 0 0 1934 5890; baseline 0 3"><span class='ocrx_word' id='word_1_331' title='bbox 0 0 1934 5890; x_wconf 95' lang='lat' dir='ltr'> </span> 
     </span>
    </p>
   </div>
  </div>
 </body>
</html>
