3874 5886
611 601 1069 660 insensualitas.
1393 607 1428 676 ¹3

175 843 219 912 40
247 823 439 914 augustiora,
451 841 483 892 et
493 845 575 913 quae
584 843 746 913 gesserant
758 824 791 892 in
807 823 1040 914 magistratibus
1052 843 1241 894 ornamenta
1252 825 1431 910 sumebant,

246 957 281 1007 ut
300 956 502 1028 expectantes
516 937 658 1008 hostium
672 937 858 1020 adventum,
877 937 1036 1012 obstinato
1055 939 1094 1007 ad
1108 957 1247 1009 mortem
1261 939 1382 1023 animo,
1397 940 1431 1010 in

245 1053 357 1142 prioris
375 1051 521 1122 fortunae
541 1051 766 1144 bonorumque
785 1077 821 1122 ac
843 1053 967 1122 virnnis
991 1052 1168 1146 insignibus
1190 1055 1291 1124 vitam
1309 1054 1430 1138 darent,

245 1169 353 1258 eisque
367 1169 484 1250 vestiti,
501 1170 532 1236 in
554 1166 663 1236 medio
682 1166 809 1238 aedium
829 1167 975 1238 eburneis
993 1169 1077 1238 sellis
1095 1169 1258 1240 sederem.
1304 1173 1430 1240 interim

245 1282 340 1367 Galli,
357 1283 443 1374 prins
461 1303 570 1353 tamen
589 1283 694 1351 missis
712 1283 964 1374 exploratoribus
984 1285 1064 1353 circa
1083 1287 1213 1354 moenia
1231 1309 1268 1356 ac
1290 1286 1430 1378 singulas

173 1421 212 1488 45
243 1415 351 1488 portas
364 1396 461 1482 urbis,
472 1420 628 1488 quaenam
640 1397 783 1468 hostibus
795 1399 828 1468 in
840 1397 961 1488 perdita
973 1421 1005 1466 re
1020 1399 1151 1468 consilia
1164 1419 1280 1482 essent,
1292 1399 1431 1491 ipsisque

244 1513 461 1584 nuntiantibus
479 1514 558 1582 nihil
577 1533 700 1604 praeter
713 1514 853 1604 ploratus
865 1515 897 1582 in
910 1514 986 1584 urbe
999 1514 1134 1598 audisse,
1147 1515 1293 1584 nondum
1308 1517 1340 1584 in
1353 1515 1429 1585 urbe

244 1629 388 1712 creditur,
408 1630 575 1698 neminem
597 1647 719 1718 praeter
741 1651 809 1714 eos,
831 1629 886 1719 qui
909 1632 1049 1701 Romam
1068 1655 1108 1698 ex
1127 1633 1194 1700 acie
1212 1630 1429 1722 profugerant,

242 1767 415 1836 superesse,
430 1745 633 1834 comploratis
652 1744 914 1836 omnibuslvivis
926 1747 1040 1836 pariter
1054 1749 1251 1838 mortuisque
1270 1767 1338 1816 tota
1357 1747 1430 1818 urbs
1491 1791 1512 1827 e.
1526 1777 1578 1838 7⁸·

242 1879 308 1930 erat
324 1862 419 1952 plena
431 1861 578 1930 lamentis
589 1861 635 1944 (¹),
652 1879 724 1930 ante
738 1879 844 1952 portas
859 1884 925 1930 non
939 1861 1070 1944 clausas,
1084 1885 1150 1932 non
1163 1883 1357 1932 armannum
1368 1883 1430 1932 sta·

172 1995 215 2061 50
241 1977 329 2047 tione
348 1977 488 2046 munitas
504 1976 669 2058 haesitant,
682 1975 766 2045 etde
780 1977 911 2046 introitu
923 1974 1098 2046 deliberant
1110 1979 1154 2046 (²).
1200 1977 1342 2062 tandem,
1354 2003 1427 2048 cum

241 2116 339 2184 prope
347 2093 423 2162 solis
433 2113 583 2162 occasum
595 2091 688 2175 foret,
699 2110 829 2162 noctem
841 2093 1002 2176 timentes,
1014 2095 1321 2183 appropinquantem
1333 2117 1429 2184 expe·

241 2227 327 2278 ctant
345 2209 461 2277 lucem.
507 2205 673 2276 introitum
695 2225 803 2276 tamen
820 2205 1039 2297 postmodum,
1059 2209 1149 2278 omni
1173 2207 1319 2298 deposito
1342 2231 1428 2278 vano

241 2341 341 2406 metu,
358 2343 425 2414 quo
442 2321 513 2412 plus
532 2322 658 2412 pavoris
676 2320 828 2390 inferrent
846 2322 991 2392 hostibus
1005 2345 1105 2413 usque
1124 2321 1164 2392 ad
1183 2343 1313 2393 noctem
1332 2323 1429 2394 distu-

242 2439 313 2508 lere.
359 2456 435 2507 tunc
447 2437 579 2506 demum
591 2435 703 2506 urbem
715 2437 880 2520 intrarunt,
892 2455 1069 2528 totamque,
1083 2457 1205 2528 praeter
1219 2439 1426 2530 Capitolium,

171 2571 210 2638 55
241 2573 486 2644 occupaverunt,
506 2553 671 2643 ipsamque
690 2573 798 2620 arcem
812 2549 1004 2636 obsidentes,
1018 2551 1130 2622 frustra
1141 2573 1249 2624 tamen
1261 2577 1427 2646 oppugna·

240 2671 328 2738 tione
347 2687 475 2752 tentata,
494 2691 575 2759 quae
593 2665 815 2758 postmodum,
833 2665 997 2756 prudentis
1020 2686 1053 2737 et
1070 2669 1190 2758 egregii
1212 2669 1351 2752 Camilli,
1371 2671 1426 2762 qui

240 2805 316 2854 tunc
327 2783 448 2854 invidia
461 2783 579 2852 civium
591 2781 775 2873 quindecim
787 2779 926 2850 millibus
940 2783 1047 2874 gravis
1066 2783 1145 2852 aeris
1157 2783 1336 2868 damnatus,
1348 2809 1426 2856 exu-

242 2899 322 2970 labat
344 2899 384 2968 ab
406 2898 495 2983 urbe,
514 2899 643 2982 virtute,
662 2895 801 2966 confusis
821 2895 964 2966 Barbaris
984 2897 1113 2966 liberata
1132 2899 1225 2990 (est),
1244 2920 1277 2968 et
1294 2903 1425 2992 ingratis

239 3015 361 3086 civibus
379 3013 501 3084 reddita
519 3031 567 3082 est
584 3013 631 3082 (l).
678 3032 754 3082 tunc
772 3035 847 3082 cum
870 3013 936 3080 iam
957 3013 991 3083 in
1016 3014 1177 3104 Capitolio
1196 3015 1328 3100 obsessi,
1343 3017 1424 3086 adeo

168 3132 211 3198 60
239 3129 322 3200 fame
346 3128 482 3198 confecti
502 3129 546 3214 (³),
567 3151 603 3198 ac
625 3127 814 3196 stationibus
834 3145 866 3196 et
883 3127 1000 3218 vigiliis
1019 3130 1155 3218 superati
1175 3148 1211 3198 ut
1228 3129 1425 3224 obruerent}

237 3245 402 3314 infirmum
422 3267 535 3335 corpus
551 3265 649 3326 uma,
664 3265 699 3311 se
708 3265 784 3312 auro
796 3241 1005 3326 redimebant,
1017 3245 1043 3311 si
1051 3241 1177 3314 fortuna
1187 3247 1339 3314 saevisset
1349 3267 1381 3316 et
1389 3247 1424 3304 (⁴)

237 3359 339 3430 fidelis
349 3359 505 3430 Camillus
518 3381 688 3448 parumper
699 3355 851 3427 tardasset
862 3356 1037 3428 adventum
1052 3359 1097 3428 (·).
1130 3363 1184 3452 qui
1196 3363 1423 3452 superveniens

237 3474 380 3546 oblatum
397 3499 509 3544 aurum
521 3473 633 3543 foedae
651 3473 878 3563 redemptionis
893 3473 1042 3564 pretium,
1056 3475 1135 3544 etin
1153 3495 1267 3546 statera
1282 3479 1346 3546 iam
1363 3500 1422 3569 po

236 3593 344 3674 situm,
359 3589 399 3660 de
419 3589 527 3660 medio
546 3586 670 3672 auferri,
685 3606 717 3658 et
729 3587 840 3658 Gallos
858 3587 1042 3658 submoveri
1061 3590 1152 3660 iussit
1167 3591 1339 3685 allegantes
1352 3615 1423 3663 sese

166 3709 206 3793 65
236 3727 346 3800 pactos
358 3729 438 3788 esse,
452 3704 565 3796 quibus
584 3726 656 3772 eam
668 3705 850 3793 pactionem
868 3721 969 3772 ratam
982 3725 1051 3774 esse
1063 3707 1203 3796 negavit
1239 3731 1322 3798 quae
1335 3727 1423 3800 post·

235 3845 332 3914 quarn
356 3823 423 3912 ipse
446 3821 579 3890 dictator
608 3837 728 3888 creatus
756 3817 838 3888 foret
864 3817 1014 3910 [dictator
1036 3821 1124 3890 enim
1147 3841 1271 3892 creatus
1294 3823 1368 3893 exul
1390 3843 1422 3894 et

237 3938 349 4007 absens
368 3935 469 4007 fuerat
480 3935 600 4006 iniussu
612 3956 672 4004 suo
684 3931 723 4002 ab
737 3931 894 4004 inferioris
908 3935 984 4004 iuris
998 3935 1201 4030 Magistratu]
1217 3937 1422 4008 denunciavit

236 4055 334 4127 Gallis
353 4071 388 4124 ut
409 4052 448 4123 ad
467 4051 624 4144 proelium
646 4073 680 4119 se
703 4049 955 4141 expedienda
973 4071 1005 4120 et
1035 4051 1160 4122 duobus
1179 4053 1306 4144 proeliis
1332 4077 1421 4126 com·

235 4171 350 4251 missis,
369 4167 449 4240 adeo
469 4185 603 4258 utroque
622 4163 710 4235 fusos
729 4165 840 4234 afflixit
851 4165 961 4236 Gallos
973 4186 1008 4236 ut
1020 4167 1074 4235 vix
1086 4187 1263 4258 superesset
1274 4173 1419 4256 nuncius,

163 4313 207 4382 7⁰
234 4305 269 4356 ut
286 4284 381 4356 refert
399 4285 443 4352 T.
463 4283 574 4354 Livius
593 4299 790 4351 memoratus
808 4281 853 4350 (¹).

285 4481 316 4534 (a)
331 4479 372 4522 Aa
381 4489 394 4520 ι
403 4475 496 4534 ploretis
508 4473 613 4520 omnbus
626 4471 685 4518 viris
699 4473 817 4530 μὴν.
828 4473 972 4520 atrocum
981 4473 1077 4522 damn.
1133 4475 1164 4534 (b)
1173 4475 1214 4522 Bb
1226 4475 1284 4524 ieret
1339 4481 1371 4534 (cl
1380 4477 1419 4525 Bi

234 4555 291 4602 adeo
301 4555 358 4602 lame
370 4567 397 4601 ac
411 4555 491 4600 norbo
505 4551 579 4598 mesti
640 4553 671 4610 (dl
683 4552 722 4597 Bb
735 4553 832 4604 deleam.
843 4561 919 4610 utpote
988 4557 1016 4612 <el
1030 4555 1152 4602 adveutum
1165 4555 1356 4604 malem
1368 4559 1418 4616 Aa,

231 4635 284 4690 ⁸⁶5
297 4643 403 4682 neaman
418 4635 479 4682 Mar.
534 4635 565 4694 (η
578 4637 618 4681 Aa
631 4635 751 4696 expediam
812 4667 816 4674 ·

266 4782 309 4852 (ι)
329 4781 373 4838 α
393 4781 542 4850 T.1.ruro,
564 4781 583 4839 1.
605 4797 639 4848 c..
662 4781 677 4854 ς
703 4799 726 4854 3,
749 4795 806 4848 xit,
884 4781 928 4854 (a)
942 4779 976 4836 T.
989 4779 1084 4850 erto,
1096 4781 1131 4848 V,
1143 4795 1243 4851 xum,
1258 4782 1273 4853 S
1286 4797 1311 4850 4.

230 4867 246 4940 5
262 4883 286 4924 a.
454 4874 461 4885 ·
884 4865 927 4938 (ς)
943 4865 976 4922 T.
993 4865 1088 4934 imo,
1100 4865 1135 4934 V.
1147 4881 1214 4936 nau,
1228 4879 1294 4924 ram
1306 4865 1415 4940 passim.
