3860 5890
493 537 537 619 96
959 547 1205 606 HISTORIA

492 773 600 864 ibique
614 771 830 862 frequentibus
849 771 968 840 nuntiis
987 769 1205 853 referentibus,
1219 769 1363 859 publicus
1381 769 1486 839 lamae
1503 791 1614 839 rumor
1627 771 1678 838 Pi·

492 911 605 956 sanam
616 888 728 957 urbem
741 887 851 976 replet,
864 887 984 955 dictum
999 885 1179 955 Iohannem
1190 884 1318 954 fratrem
1332 887 1418 976 regis
1429 885 1558 958 Roberti
1569 885 1677 955 sedere
1711 907 1768 972 155

494 1003 648 1072 hostiliter
671 1026 745 1072 cum
769 1003 908 1071 exercitu
932 1021 1004 1071 ante
1030 1020 1164 1092 pontem
1187 1001 1335 1086 Mollem,
1356 1025 1454 1092 quem
1472 1002 1531 1070 sub
1549 1004 1677 1092 ponte*

494 1118 632 1208 Tyberis
643 1118 792 1189 tenebant
805 1121 1028 1190 Colonnenses
1041 1135 1146 1208 atque,
1154 1119 1286 1188 unicum
1296 1119 1329 1187 in
1345 1119 1423 1188 urbe
1430 1121 1609 1202 transitum,
1615 1142 1679 1188 ser·

495 1235 610 1304 vabant
638 1238 716 1326 regi.
762 1237 930 1306 nunciatur
960 1237 1056 1304 etiam
1079 1235 1184 1324 ipsum
1206 1253 1340 1324 pontem
1370 1235 1478 1304 multis
1501 1234 1680 1317 insultibus,

494 1350 602 1420 multis
625 1351 779 1419 machinis
794 1369 825 1418 et
844 1349 963 1418 bellicis
977 1351 1195 1419 instrumentis
1207 1351 1358 1418 continue
1371 1351 1494 1418 tentari.
1540 1367 1679 1418 attamen

493 1489 549 1534 rex
579 1485 686 1534 noster
716 1465 866 1534 adversus
889 1487 998 1555 regem
1024 1464 1199 1536 Robertum
1223 1463 1302 1532 nibil
1325 1466 1511 1554 suspicatur,
1529 1483 1561 1533 et
1582 1466 1680 1532 simu·
1714 1469 1775 1531 160

494 1579 771 1672 lantemlhostem
794 1582 900 1664 sentit,
919 1579 1146 1670 quodcumque
1169 1578 1227 1646 sibi
1251 1577 1466 1668 significatum
1493 1578 1594 1648 luerat
1617 1603 1682 1647 cre-

494 1694 541 1763 dit
557 1695 602 1763 (·).
648 1719 760 1764 verum
780 1695 960 1783 Stephanus
980 1692 1020 1762 de
1039 1693 1200 1776 Colonna,
1215 1695 1395 1762 vicinorum
1410 1715 1543 1763 suorum
1562 1693 1636 1760 artis
1651 1709 1683 1760 et

494 1833 629 1900 operum
648 1831 715 1878 non
734 1812 872 1899 ignarus,
892 1827 1019 1899 sponte,
1039 1831 1106 1876 non
1125 1827 1233 1877 tamen
1252 1808 1456 1878 dissentiente
1473 1833 1558 1898 rege,
1571 1831 1683 1898 prope·

494 1927 575 1993 ravit
598 1922 638 1992 ad
661 1924 782 2007 urbem,
806 1943 841 1993 ut
859 1925 886 1992 si
909 1926 996 1992 viam
1018 1921 1132 1992 viderit
1149 1946 1246 2013 prava
1269 1923 1490 2013 Guelphorum
1514 1923 1683 1992 conamina

494 2041 654 2129 reprimat,
676 2059 709 2108 et
730 2039 885 2108 tumultus
904 2039 988 2108 urbis
1015 2038 1104 2107 tollat
1117 2039 1162 2106 (ί).
1208 2039 1337 2127 insuper
1363 2061 1419 2104 rex
1441 2060 1508 2106 non
1531 2061 1684 2127 spernens
1716 2043 1773 2126 165

494 2173 663 2224 tractatum
693 2156 788 2245 pacis,
808 2157 912 2223 immo
935 2155 1031 2244 ipsius
1062 2157 1146 2244 pacis
1176 2155 1297 2224 auctori
1329 2140 1527 2245 complacere
1553 2155 1684 2244 cupiens

495 2293 607 2360 papae,
625 2271 808 2360 priusquam
828 2269 867 2338 de
891 2271 1018 2338 civitate
1033 2271 1148 2340 Pisana
1166 2269 1343 2353 decederet,
1358 2293 1398 2336 ex
1417 2271 1589 2338 secretariis
1607 2271 1684 2351 suis,

497 2386 704 2456 contrahendi
735 2387 811 2456 dicti
841 2387 1036 2455 matrimonii
1066 2409 1170 2470 causa,
1190 2386 1229 2455 ad
1253 2386 1430 2457 Robertum
1454 2409 1563 2476 regem
1587 2387 1684 2469 misit,

496 2525 573 2572 eum
601 2503 779 2592 praeferens
802 2503 912 2572 Siculo
929 2503 997 2593 regi
1021 2521 1116 2572 causa
1134 2504 1230 2592 pacis.
1277 2503 1363 2569 misit
1391 2501 1487 2570 etiam
1512 2499 1594 2570 duos
1620 2501 1686 2590 epi·

497 2639 622 2708 scopos,
653 2619 708 2708 qui
737 2619 860 2687 Romae
888 2617 1070 2707 significent
1101 2616 1275 2686 adventum
1304 2619 1373 2685 eius
1402 2617 1570 2706 praecipue
1598 2615 1686 2684 dicto
1718 2636 1778 2702 170

498 2735 647 2816 Iohanni,
665 2735 782 2824 quique
804 2735 1013 2822 regratientur
1035 2732 1152 2816 eidem,
1174 2731 1263 2822 quod
1278 2735 1418 2803 Romam
1436 2732 1559 2800 venerit
1577 2730 1617 2800 ad
1632 2752 1685 2799 so-

499 2849 617 2918 lemnia
635 2850 851 2942 coronationis
869 2870 955 2918 suae.
1002 2871 1115 2916 verum
1128 2847 1138 2942 Ι
1150 2847 1356 2916 amicabiliter
1370 2847 1565 2938 requirentes
1579 2845 1618 2916 ab
1633 2867 1685 2930 eo,

499 2987 534 3034 ut
552 2965 595 3034 ob
612 2966 822 3036 reverentiam
842 2983 874 3033 et
896 2986 1041 3036 amorem
1056 2964 1105 3034 sui
1129 2987 1147 3032 a
1166 2964 1426 3034 Colonnensium
1444 2961 1613 3032 obsidione
1638 2983 1687 3030 re·

500 3081 602 3164 cedat,
624 3099 656 3149 et
674 3081 781 3149 omnis
806 3081 931 3149 animus
954 3079 1119 3148 seditionis
1143 3079 1331 3170 deponatur,
1350 3098 1381 3146 et
1400 3077 1586 3167 pestiferum
1605 3099 1686 3168 opus

499 3195 573 3268 belli
589 3217 689 3266 cesset
703 3197 750 3280 (b),
765 3195 891 3266 indictis
906 3195 1037 3286 treguis,
1054 3195 1167 3264 saltem
1186 3217 1286 3286 usque
1310 3193 1350 3264 ad
1364 3193 1450 3264 diem
1470 3193 1687 3266 coronationis
1720 3213 1756 3280 ¹7
1761 3217 1778 3280 5

498 3337 586 3399 suae,
605 3313 699 3406 (sibi)
718 3311 902 3402 significans
921 3311 1008 3400 quod
1027 3311 1153 3380 nullum
1169 3310 1212 3378 ibi
1235 3312 1360 3380 Romae
1378 3329 1433 3378 aut
1451 3309 1524 3376 alibi
1542 3309 1687 3376 animum

500 3428 627 3518 partiale
650 3427 796 3506 habebat,
827 3424 1008 3508 intendens,
1037 3442 1167 3514 sumpto
1189 3424 1232 3491 ibi
1262 3423 1416 3516 imperiali
1435 3421 1625 3504 diademate,
1648 3422 1688 3489 de

501 3543 635 3612 consilio
654 3562 688 3610 et
711 3542 911 3632 beneplacito
928 3539 1030 3610 fratris
1048 3543 1108 3624 sui,
1120 3540 1240 3610 ibidem
1259 3563 1390 3630 operam
1407 3539 1491 3629 pacis
1514 3538 1599 3606 dare.

567 3661 691 3728 interea
708 3683 765 3728 rex
783 3657 892 3726 fideles
911 3657 999 3728 Pisas
1017 3657 1174 3747 linquens,
1197 3657 1296 3746 ipsius
1323 3655 1408 3724 urbis
1432 3655 1551 3724 civium
1574 3654 1689 3743 opibus

501 3773 611 3857 lretus,
634 3775 837 3864 multumque
861 3773 967 3842 italico
992 3771 1092 3841 milite
1107 3771 1273 3842 roboratus
1297 3770 1388 3839 celeri
1415 3793 1449 3838 ac
1470 3771 1625 3838 contiuuo
1640 3769 1690 3835 iti·
1722 3770 1783 3834 180

555 4019 587 4076 (ι)
601 4019 627 4064 Ira
641 4017 682 4064 Aa
696 4031 709 4063 e
723 4019 762 4064 Ab
774 4023 952 4063 mmameute
966 4018 1060 4064 credens
1113 4019 1146 4076 (b)
1160 4017 1200 4062 Bb
1214 4017 1284 4064 deleat

502 4261 562 4304 cata
572 4249 729 4315 daDauru,
747 4249 825 4320 Purg.
840 4245 913 4314 viu,
931 4261 981 4303 120
991 4263 1074 4319 eagg.
1121 4246 1286 4302 dineildoc.
1296 4247 1323 4300 in
1336 4245 1471 4310 donatur,
1487 4239 1690 4316 op.cit1‚268.

502 4351 557 4391 non
568 4335 737 4391 tuaifurono
748 4331 898 4406 ghibellini.
917 4331 1075 4403 Seguivano
1120 4318 1141 4386 E
1158 4331 1190 4386 ad
1206 4331 1260 4386 essi
1274 4329 1327 4385 che
1342 4344 1463 4384 accenna
1478 4326 1497 4380 il
1513 4327 1544 4381 C.

437 4449 444 4462 ·
502 4419 527 4474 le
537 4419 606 4494 parti
618 4418 680 4474 dell’
688 4419 861 4490 imperatore,
867 4415 1013 4482 Moroello,
1023 4415 1075 4470 che
1155 4415 1198 4487 (r)
1218 4413 1282 4470 Tali
1297 4410 1467 4468 attestationi
1481 4423 1596 4466 trovano
1612 4407 1691 4479 piena

502 4505 546 4559 nel
568 4501 968 4575 1311sostennetlvicariato
992 4501 1075 4572 impe
1120 4499 1260 4554 conferma
1286 4497 1332 4552 uel
1359 4497 1420 4550 doc.
1447 4511 1474 4550 n
1498 4509 1537 4550 cv
1564 4491 1609 4548 del
1636 4490 1692 4547 leb

503 4588 569 4644 ciale
593 4605 610 4642 a
633 4587 750 4654 Breacia,
769 4587 813 4642 ei
838 4585 1007 4642 discendenti
1030 4582 1074 4638 del
1119 4583 1196 4637 braio
1218 4596 1284 4652 ¹3¹2
1308 4579 1464 4652 pubblicato
1489 4575 1534 4631 dal
1558 4575 1693 4640 Bouarur,

504 4671 644 4727 mattheae
668 4673 820 4728 Franeeaco
847 4669 859 4724 1
886 4669 960 4726 dello
988 4667 1075 4740 Spino
1120 4682 1165 4738 op.
1181 4666 1225 4721 cit.
1240 4664 1276 4730 11,
1291 4665 1333 4733 85.
1370 4663 1381 4717 1
1401 4661 1484 4735 priori
1499 4659 1570 4716 della
1589 4659 1693 4732 Repub

503 4755 614 4822 Florito,
640 4754 691 4810 che
719 4755 764 4811 nel
791 4753 937 4810 decembre
963 4751 1007 4807 del
1032 4752 1074 4806 ’aa
1119 4743 1693 4812 blicaflorentinalacevano,traaltro,noto

504 4839 758 4914 giurmonoledeltd
771 4840 804 4896 ad
817 4837 987 4895 EnricoVII.
1024 4836 1075 4890 Vc·
1120 4834 1239 4890 alduca
1266 4831 1405 4888 Giovanoi
1432 4829 1566 4901 d'Augib:
1595 4826 1693 4899 «quod
