3860 5884
655 543 685 604 1.
712 543 770 600 or
799 543 1113 602 crnusunre.
1432 529 1473 614 69

284 765 415 848 dederit,
430 789 498 836 non
517 765 618 834 modo
635 767 753 849 salvus,
764 789 877 836 verum
896 767 992 834 etiam
1007 766 1041 836 in
1061 765 1131 834 aula
1150 763 1267 834 electus
1286 765 1388 834 eris’'.
1426 767 1475 836 in-

193 899 253 968 315
283 901 369 952 terea
393 883 552 952 Henricus
570 881 801 972 pmarncalcus
824 881 864 950 ad
886 905 921 949 se
944 899 1076 950 vocatus
1100 881 1200 964 venit,
1222 881 1273 948 cui
1296 881 1474 949 Bassanum

285 998 324 1067 de
337 997 483 1087 Firiraga
494 1019 610 1087 meque
623 1019 734 1068 secum
748 995 974 1068 custodiendos
988 995 1084 1078 dedit,
1101 1015 1212 1086 atque:
1228 1004 1249 1036 “
1262 995 1312 1065 his
1321 996 1356 1051 (¹)
1368 1017 1475 1065 tecum

284 1111 429 1194 vadibus,
448 1111 563 1204 inquit,
582 1111 711 1182 accedas
735 1111 847 1182 urbem
870 1111 1008 1196 Laudae,
1027 1133 1059 1180 et
1082 1113 1108 1179 si
1127 1109 1204 1201 quid
1222 1109 1403 1180 rebellionis
1427 1111 1475 1180 in·

284 1230 404 1312 venies,
423 1226 472 1296 fac
498 1227 594 1296 ambo
612 1229 772 1318 pendeant
789 1229 914 1318 laqueo,
933 1230 966 1296 in
987 1245 1161 1317 conspectu
1180 1225 1358 1310 rebellium,
1376 1247 1475 1316 prope

284 1365 405 1436 portas3
421 1343 536 1413 deinde
555 1345 654 1434 captis
667 1346 828 1435 caesisque
841 1343 976 1426 colonis,
990 1343 1192 1412 Laudensem
1204 1363 1318 1431 agrum
1333 1340 1475 1432 undique

195 1441 257 1540 '320
285 1457 435 1528 incendio
453 1479 572 1548 ponas3
590 1457 667 1547 quid
679 1457 719 1526 de
735 1457 797 1528 hoc
815 1458 960 1528 Antonio
979 1477 1011 1526 et
1032 1457 1160 1547 reliquis
1178 1455 1392 1544 proditoribus
1407 1455 1473 1539 liat,

284 1595 340 1662 per
362 1571 457 1640 huius
476 1569 614 1642 incendii
632 1571 763 1660 signum
785 1569 969 1660 significans
992 1569 1085 1639 nobis
1100 1571 1207 1640 statim
1219 1569 1251 1636 ''.
1297 1570 1415 1660 itaque,
1432 1569 1474 1638 ci-

284 1709 340 1754 ves
355 1686 403 1770 θ),
415 1704 554 1754 vestram
569 1707 607 1754 ac
625 1703 767 1754 nostram
782 1686 869 1753 scitis
885 1685 1123 1768 conditionem3
1140 1685 1238 1775 igitur
1253 1683 1286 1740 (²)
1300 1684 1326 1751 si
1341 1683 1474 1772 indigna

284 1823 320 1870 ac
336 1804 453 1870 misera
475 1821 657 1872 vestrorum
675 1801 854 1891 legatorum
871 1823 968 1886 mors,
981 1823 1062 1892 quos
1078 1823 1145 1870 non
1163 1801 1259 1890 regis,
1273 1822 1387 1868 verum
1401 1821 1475 1868 seu·

284 1921 383 1988 tentia
401 1939 506 1990 vestra
523 1936 627 2001 necat,
642 1919 759 1988 nullius
775 1937 917 1988 vestrum
933 1937 1057 1988 mentes
1069 1917 1184 2002 mollit,
1198 1939 1257 1984 vos
1273 1917 1387 1986 saltem
1403 1939 1474 1984 mo·

192 2047 232 2114 3²
236 2047 253 2114 5
284 2049 355 2100 veat
364 2033 530 2122 proximus
546 2055 582 2100 ac
593 2050 696 2101 certus
709 2053 799 2102 casus
813 2029 917 2116 famis,
936 2053 1018 2121 quae
1032 2029 1124 2100 vobis
1136 2028 1274 2100 obsessis
1288 2031 1353 2098 iarn
1367 2031 1473 2120 primo

282 2167 315 2216 et
331 2147 439 2216 subito
457 2147 618 2216 malorum
636 2169 745 2216 comes
764 2147 873 2216 aderit.
919 2167 1001 2231 esto,
1018 2146 1105 2238 quod
1123 2145 1217 2216 multi
1231 2145 1296 2215 iam
1308 2145 1473 2216 clarissimi

282 2263 351 2346 viri,
366 2279 398 2330 et
415 2261 652 2352 noslsimiliter
664 2283 723 2351 pro
736 2260 857 2352 populo
875 2262 1062 2344 moriamur,
1076 2260 1155 2330 dum
1174 2261 1238 2330 hoc
1251 2263 1319 2330 sine
1340 2261 1474 2330 crimine
1527 2295 1540 2331 e
1565 2297 1633 2344 μοι

282 2393 388 2446 vestm
406 2375 474 2446 lieri
493 2377 604 2468 possit,
623 2397 656 2446 et
673 2375 786 2444 saltem
801 2375 880 2445 dum
897 2395 981 2446 certa
995 2395 1124 2446 maneat
1140 2376 1232 2445 vobis
1249 2377 1353 2468 aliqua
1365 2377 1474 2444 salutis

282 2493 344 2576 via,
362 2491 468 2577 dicite,
491 2514 623 2582 quaeso,
645 2491 731 2562 unde
753 2515 879 2562 novum
902 2494 1046 2583 apparuit
1069 2493 1240 2562 consilium
1258 2511 1325 2562 tam
1346 2490 1471 2562 salubre

192 2627 208 2694 3
214 2626 256 2694 3ο
283 2607 397 2676 vobis?
442 2609 603 2698 crevitque
622 2606 681 2676 hnc
699 2627 807 2691 nocte,
825 2631 906 2698 quae
925 2609 992 2678 heri
1010 2631 1110 2678 vacua
1128 2609 1324 2699 reliquimus,
1344 2609 1377 2677 in
1396 2608 1471 2676 hor·

282 2725 342 2792 reis
353 2723 516 2814 manum?
559 2721 681 2806 redibo,
694 2725 848 2814 quoniam
859 2725 902 2792 ita
914 2723 1004 2794 sedet
1019 2725 1128 2793 animo
1145 2742 1263 2808 vestro,
1278 2723 1347 2792 aliis
1361 2723 1473 2815 legatis

283 2839 393 2908 vestris
413 2857 516 2908 certus
531 2861 640 2908 comes
656 2841 753 2908 necis.
798 2839 1034 2910 sustinebitisne
1050 2843 1171 2910 tristem
1196 2839 1340 2909 abeuntis
1355 2836 1472 2908 faciem
1518 2903 1523 2912 .

283 2951 321 3020 ad
338 2971 405 3022 tam
424 2951 569 3023 deforme
586 2953 776 3044 patibulum,
794 2953 924 3024 latronis
942 2976 1045 3038 more,
1058 2954 1146 3044 quod
1161 2977 1228 3022 nou
1245 2953 1371 3024 merui?
1415 2952 1473 3021 sed

283 3067 388 3150 video,
401 3069 505 3158 placet
518 3069 610 3138 vobis
628 3089 760 3159 peccato
772 3089 880 3138 vestro
894 3091 1022 3160 peream
1034 3093 1108 3138 cum
1121 3069 1262 3152 caeteris,
1273 3090 1356 3159 quos
1370 3069 1473 3158 perdit

193 3201 230 3268 33
237 3201 254 3268 5
281 3179 350 3248 sola
372 3181 456 3250 fraus
474 3201 589 3252 vestra.
636 3183 753 3251 credite
769 3183 921 3253 tamenin
937 3183 1097 3264 extremis,
1113 3183 1211 3266 mihi;
1229 3183 1386 3250 vaticinor
1399 3203 1472 3250 mo·

282 3297 380 3366 tiens:
393 3297 474 3366 haec
488 3299 546 3366 erit
558 3298 650 3367 vobis
661 3316 734 3388 post
747 3321 900 3389 magnam
916 3318 1039 3390 pestem
1047 3297 1148 3368 fames
1166 3297 1406 3388 praeambulum
1419 3321 1471 3366 ve·

280 3427 361 3478 strae
375 3411 472 3478 necis.
510 3433 551 3480 an
566 3410 691 3480 creditis
703 3434 762 3480 vos
775 3413 903 3480 veniam
916 3413 1068 3482 meruisse
1079 3431 1152 3501 post
1165 3431 1305 3482 mortem
1316 3429 1471 3494 nostrum,

281 3526 306 3592 si
325 3525 498 3596 rebellione
517 3545 621 3596 vestra
643 3527 865 3620 moriamur?l
879 3527 965 3598 nulla
984 3551 1076 3598 causa
1095 3529 1206 3613 nostri,
1226 3529 1287 3597 nisi
1306 3527 1387 3597 forte
1411 3551 1470 3617 pro

282 3663 374 3712 causa
392 3643 577 3734 simplicitas
600 3645 773 3734 imputetur
791 3643 893 3714 nobis.
940 3645 1013 3714 atsi
1033 3643 1123 3714 vobis
1139 3643 1310 3714 incredulis
1324 3645 1410 3714 nulla
1424 3669 1471 3714 re·

191 3783 255 3850 34⁰
280 3757 352 3848 gite
370 3759 590 3848 promissionis
608 3757 684 3828 boni
703 3777 799 3830 restat
821 3783 904 3851 spes,
922 3761 956 3829 in
975 3761 1072 3850 ipsius
1089 3760 1204 3830 saltem
1221 3761 1372 3851 principis
1392 3784 1471 3830 con·

280 3895 364 3944 sorte
378 3876 460 3944 thori
474 3899 599 3968 sperare
615 3877 698 3960 licet,
715 3879 803 3946 cuius
818 3877 957 3968 benigna
969 3901 1033 3946 vox
1050 3900 1110 3948 nos
1122 3879 1156 3947 in
1168 3877 1238 3948 aula
1252 3901 1310 3948 sua
1325 3878 1470 3948 liberavit

281 4015 299 4060 a
317 3991 419 4060 nimio
437 3991 521 4082 regis
536 3991 657 4076 furore3
682 3991 797 4062 deinde
815 3995 954 4062 suaviter
967 3993 1070 4082 inquit
1092 3993 1196 4076 nobis,
1220 3995 1284 4062 iam
1299 4017 1356 4064 sua
1371 3995 1470 4063 inter·

282 4109 425 4178 cessione
447 4111 579 4180 securis:
604 4111 763 4200 “recipite
786 4109 940 4180 beneficia
961 4111 1056 4202 regis,
1078 4134 1171 4201 quae,
1190 4111 1217 4180 si
1246 4112 1352 4196 vultis,
1376 4109 1469 4178 vobis

281 4241 387 4314 parata
403 4243 496 4309 sunt3
516 4247 673 4316 nusquam
689 4225 787 4296 deerit
801 4225 892 4295 favor
910 4245 1019 4296 noster
1029 4225 1062 4294 ’'.
1104 4225 1189 4296 unde
1201 4227 1311 4296 nescio
1327 4243 1469 4316 emergat

191 4355 251 4422 345
281 4337 416 4428 amplius
436 4338 527 4408 vobis
545 4341 669 4408 timoris
689 4361 793 4420 causa,
812 4361 916 4430 neque
930 4339 1101 4429 quicquam
1117 4338 1243 4407 molesti
1259 4335 1396 4407 inferant
1408 4337 1470 4405 mi·

281 4447 350 4518 lites
368 4451 446 4540 regii
462 4451 642 4520 timendum
654 4471 711 4522 est
751 4475 826 4520 nam
839 4451 978 4522 edictum
993 4453 1078 4542 regis
1088 4451 1204 4536 sciunt,
1214 4471 1249 4522 ut
1261 4449 1352 4520 omni
1367 4449 1468 4519 domo

335 4827 527 4886 (rlflbtrrdtdlt.
553 4830 676 4878 birrorum
731 4831 819 4890 (blaa
833 4833 909 4890 ltaque
924 4839 1021 4878 runem
1075 4835 1105 4886 (c)
1121 4833 1164 4878 An
1179 4831 1254 4894 ireque
