3860 5890
583 578 608 632 1.
637 577 694 633 DE
723 575 1039 634 CERMENATE.
1345 581 1401 630 121

213 819 366 886 terentur,
385 819 417 870 et
439 801 466 868 si
484 800 557 891 quis
576 819 691 868 eorum
711 798 743 868 in
765 821 878 868 manus
898 798 1020 888 imperii
1034 797 1211 882 devenerit,
1229 798 1289 869 sibi
1306 817 1407 870 extre·

144 955 186 1022 50
213 941 304 988 mum
328 917 423 986 furcis
453 915 644 1006 supplicium
667 912 871 984 inserendum
893 937 961 982 esse
985 913 1134 983 decrevit
1180 915 1297 985 horum
1317 915 1406 985 dam·

213 1053 362 1104 natorum
400 1033 533 1102 nomine
566 1049 640 1100 sunt
675 1031 771 1100 haec:
804 1051 913 1099 comes
948 1029 1097 1120 Philippo
1138 1031 1177 1100 de
1216 1033 1407 1121 Langusco,

214 1148 412 1231 Ricatdinus,
443 1147 630 1218 Girardinus
660 1148 729 1216 eius
752 1145 820 1230 filii,
845 1145 992 1218 Roffinus
1016 1147 1069 1236 qui
1090 1146 1204 1216 dicitur
1227 1171 1337 1218 eomes
1366 1147 1407 1218 de

214 1265 323 1350 Mede,
341 1263 517 1334 Guidacius
540 1265 579 1334 de
599 1263 785 1354 Sparavaria
799 1263 845 1346 (⁸),
863 1261 1048 1333 Albertinus
1067 1263 1315 1354 Formagierius,
1331 1266 1406 1333 Fre·

214 1382 338 1451 deticus
357 1379 549 1450 Guillelmus
565 1377 605 1448 de
617 1379 814 1470 Sparevnria,
827 1379 939 1448 Penus
955 1377 996 1448 de
1010 1377 1167 1461 Nicorbo,
1184 1379 1324 1449 Ubertus
1340 1379 1405 1472 (et)

145 1531 184 1596 55
214 1497 402 1568 Salverisius
422 1493 461 1566 de
480 1497 585 1579 Petra,
605 1493 816 1564 Guizardinus
840 1495 879 1564 de
900 1493 1115 1580 lnsimbardis,
1140 1495 1311 1566 Iecobinus
1327 1498 1406 1568 Gui-

213 1613 298 1682 zardi
321 1613 416 1694 Zazii,
437 1611 607 1681 Marcellus
624 1609 1064 1694 Insimbardus,Lombardus
1083 1611 1122 1679 de
1143 1611 1336 1702 Zimpresso,
1348 1614 1406 1714 3²¹.

215 1727 354 1798 limbene
377 1728 417 1797 de
449 1727 628 1818 Botigeriis,
650 1726 842 1797 Guillelmus
872 1726 912 1794 de
936 1726 1069 1796 caneva
1099 1749 1196 1810 nove,
1221 1727 1339 1798 Albore
1366 1729 1405 1798 de

215 1845 330 1914 Coetia
348 1841 450 1913 dictus
478 1843 591 1926 ludex,
609 1843 747 1912 Ioannes
767 1841 995 1928 lusimbnrdus,
1016 1844 1186 1914 lncobinus
1215 1845 1283 1913 eius
1302 1843 1405 1926 frater,

215 1961 361 2032 lloffinus
385 1961 424 2030 de
447 1960 562 2042 Strata,
582 1959 779 2050 Philippinus
803 1961 999 2052 Beecarius,l
1012 1957 1174 2030 Corradus
1204 1961 1406 2044 Guasconus,

143 2089 186 2153 60
214 2075 389 2146 Odoatdus
419 2077 612 2166 Butigiarius
633 2075 680 2160 θ),
703 2075 866 2146 Curradus
895 2075 936 2145 de
967 2077 1001 2146 S.
1027 2077 1194 2158 Michaele,
1222 2077 1405 2148 Galveneus

215 2195 452 2265 Brusamantica
470 2192 574 2264 dictus
593 2191 706 2277 ludex,
722 2191 880 2262 Bordinus
903 2192 943 2263 de
962 2193 1121 2284 Georgiis,
1146 2193 1260 2264 Salvus
1278 2193 1318 2262 de
1342 2195 1405 2266 Ca·

213 2333 304 2394 nero,
327 2309 441 2378 Pieeus
464 2308 504 2379 de
522 2306 746 2398 Giendulphis,
770 2309 960 2398 Comeynus
990 2306 1206 2379 Insimbardus
1230 2329 1262 2378 et
1285 2309 1405 2394 uano,

214 2425 372 2508 Tadinus,
384 2423 592 2516 Bregadinus,
612 2423 793 2508 lecobiuus,
812 2424 1009 2494 Francionus
1025 2425 1133 2495 stanes
1149 2425 1189 2496 de
1205 2425 1238 2496 S.
1254 2427 1404 2509 Nazario,

215 2542 359 2632 Rigatius
389 2540 501 2610 Petrus
531 2539 572 2610 de
594 2539 624 2608 la
646 2540 762 2622 Vilata,
786 2539 960 2610 Guidacius
983 2537 1023 2610 de
1047 2543 1151 2610 Strata
1167 2541 1213 2626 (θ,
1235 2541 1404 2612 Nicolinus

144 2667 185 2750 65
213 2659 395 2742 Tenemus,
411 2655 550 2728 Ubertus
574 2657 613 2726 de
630 2659 727 2728 Cario
746 2676 777 2727 et
795 2657 863 2739 filii,
883 2658 1078 2728 Simonellus
1098 2659 1220 2742 Tritus,
1241 2657 1405 2728 Batuellus

214 2773 378 2844 Rusticola
392 2773 427 2828 (⁴)
451 2793 483 2842 et
516 2771 637 2854 fratres,
661 2773 891 2860 Guasparonus
915 2771 955 2842 de
988 2773 1098 2856 Cario,
1121 2771 1273 2844 Ribaldus
1305 2773 1404 2844 Canis

215 2889 354 2972 liubeus‚
369 2888 561 2959 Guillelmus
581 2889 738 2972 Biscossa,
757 2887 939 2958 Bonilacius
954 2887 993 2958 de
1014 2889 1114 2960 Certo
1128 2890 1175 2957 (¹).
1222 2889 1404 2979 multosque

213 3007 291 3074 elios
308 3005 538 3074 condemnavit
553 3005 681 3075 Italicos
700 3027 741 3074 eo
757 3003 820 3087 die,
836 3026 974 3094 quorum
991 3005 1085 3075 multi
1102 3006 1243 3074 criminis
1259 3024 1404 3096 expertes

213 3141 313 3192 erant.
360 3143 447 3205 narn,
470 3141 506 3190 ut
528 3121 574 3205 fir,
597 3139 767 3212 sequentes
791 3121 911 3190 curiam
934 3143 1029 3210 saepe
1053 3121 1175 3190 invidia
1198 3141 1253 3192 aut
1275 3123 1404 3212 speciali

143 3257 186 3324 70
212 3237 290 3308 odio
303 3259 465 3330 quemque
480 3237 520 3308 ad
544 3235 669 3308 libitum
693 3257 857 3306 auctorem
872 3235 1055 3306 rebellionis
1077 3235 1207 3322 iaciunt,
1224 3236 1298 3308 licet
1321 3235 1403 3306 forte

264 3447 300 3502 (ι)
315 3447 376 3492 ‚lim
396 3445 541 3492 Glmrdinus
561 3445 589 3490 de
610 3445 743 3503 sunuel·
761 3451 806 3490 ere.
847 3443 999 3504 L'uggt'unta
1019 3445 1058 3490 ά·
1072 3445 1143 3496 numi,
1164 3447 1290 3504 munti
1304 3447 1342 3492 nel
1361 3459 1403 3492 era.

213 3527 425 3580 un't'tttierelim,
437 3527 596 3572 meruere
617 3525 766 3570 varianter
780 3525 932 3570 lectiones.
986 3525 1023 3582 (b)
1037 3523 1096 3572 liar.
1106 3523 1240 3582 Retlgiariua
1293 3528 1329 3583 (c)
1343 3525 1402 3572 Mur.

212 3605 375 3652 Guidariuade
389 3605 464 3652 Strela
517 3603 754 3662 (d)liar.8ustienla

247 3795 331 3868 (1)ss
364 3793 541 3860 documento,
565 3793 617 3849 che
650 3794 786 3850 evidente·
833 3795 952 3850 «Enrico
969 3793 1002 3849 de
1018 3795 1085 3866 Aeli)
1098 3795 1200 3850 exactis
1218 3794 1295 3850 annis
1311 3795 1405 3850 lienri·

213 3890 304 3935 mente
322 3878 418 3950 qiuuse
445 3895 460 3932 a
488 3875 650 3949 cognitione
677 3877 720 3932 del
743 3877 786 3944 C,
834 3895 906 3933 teus
930 3879 1078 3952 imperator
1096 3875 1165 3935 Pisis
1187 3894 1271 3951 agens
1292 3878 1405 3952 Pupien-

212 3981 267 4020 non
286 3963 309 4018 si
327 3963 457 4018 riuum
472 3961 661 4017 nell'arcltivio
677 3961 787 4018 Pisano.
833 3977 910 4028 uses,
930 3961 1127 4029 Vercellenses,
1145 3963 1285 4032 Asteoses,
1306 3963 1405 4020 Alben-

212 4047 247 4102 G.
257 4047 410 4112 Rosotrtu,
419 4045 491 4100 nelle
501 4048 581 4101 citare
591 4045 688 4116 ll'oriqie
697 4057 786 4120 apper-
834 4061 909 4112 eses,
928 4047 1135 4114 Alexandrinos,
1151 4045 1338 4116 Valentinos,
1353 4049 1405 4104 Ca·

211 4133 301 4188 munti
319 4131 370 4186 elle
387 4133 466 4186 storia
480 4129 544 4186 delia
562 4147 606 4186 see
622 4132 721 4201 petria,
737 4129 785 4198 IV,
832 4130 986 4198 csaleuses,
998 4131 1199 4204 nonnullosque
1219 4131 1405 4188 conterminae

211 4233 266 4288 par.
286 4215 307 4282 1,
322 4231 348 4286 p.
365 4213 425 4280 264,
441 4213 479 4288 gli
494 4229 609 4284 assegna
624 4213 651 4268 la
666 4213 728 4268 data
741 4214 786 4270 del
831 4237 845 4264 e
858 4215 977 4288 regionis
995 4215 1110 4284 nobiles,
1125 4233 1194 4290 quos
1206 4215 1315 4272 silentio
1331 4235 1405 4290 prae·

215 4315 246 4366 tq
265 4299 351 4370 luglio
370 4299 506 4370 1318,n1a
524 4315 559 4354 ne
577 4311 635 4354 trae
654 4297 673 4354 'd
692 4313 786 4355 conte·
832 4323 846 4350 a
857 4302 936 4356 terite
946 4299 1020 4366 libet,
1029 4317 1064 4356 eo
1079 4301 1153 4375 quod
1168 4300 1281 4356 Roberti
1293 4299 1403 4358 Siciliae

212 4395 279 4438 nuto
297 4381 370 4438 dalla
388 4399 506 4438 cronaca
524 4381 568 4438 del
588 4379 637 4448 C.;
655 4398 712 4438 non
727 4399 787 4458 sap·
832 4407 845 4434 a
858 4385 929 4458 regis
947 4385 975 4441 in
994 4385 1100 4440 ltaliam
1119 4386 1245 4452 adventu,
1260 4385 1404 4460 imperato·

212 4467 305 4540 planto
332 4469 422 4522 donde
441 4466 519 4524 abbia
538 4479 621 4524 tratto
639 4467 666 4522 la
685 4467 785 4523 notitia
832 4471 893 4526 eris
921 4469 1048 4526 fidelitate
1081 4469 1245 4544 posthabita,
1281 4469 1402 4526 eiusdem

212 4551 404 4624 cronologiea;
419 4551 437 4606 il
455 4551 598 4608 chronicon
615 4551 784 4608 Beuveuun
831 4575 845 4604 α
855 4553 967 4608 Roberti
982 4551 1141 4625 imperiose
1153 4552 1335 4620 subdiderant,
1347 4555 1403 4626 qui·

213 4639 390 4694 Sasotonott
409 4635 457 4710 (ci.
478 4639 549 4692 lion.
567 4639 621 4693 bist
632 4647 702 4710 perr.
727 4639 785 4693 Au·
831 4659 844 4686 α
856 4638 1015 4710 buscunque
1027 4637 1055 4690 in
1067 4653 1117 4690 eos
1131 4635 1239 4692 collatis
1254 4635 1403 4710 privilegiis

213 4735 307 4795 gestae
317 4721 511 4788 Taurinorum,
525 4723 599 4790 ¹⁸⁴⁸·
609 4721 695 4778 mol
707 4725 785 4794 ¹330)
833 4733 883 4776 eet
901 4719 1039 4776 beneficiis
1054 4720 1178 4792 privavit,
1196 4733 1224 4776 et
1239 4721 1328 4776 banno
1344 4737 1404 4794 ³⁰?-

211 4807 245 4862 da
265 4805 301 4862 lui
322 4806 404 4862 citato
423 4805 493 4860 altro
514 4823 571 4862 non
590 4808 650 4862 dice
668 4825 698 4864 se
716 4823 784 4862 uon:
832 4805 946 4878 «posuit
963 4803 1132 4878 imperiali».

213 4891 339 4946 «Tribus
358 4901 420 4964 post
438 4888 506 4948 haec
523 4891 586 4960 (ciel
605 4891 745 4947 muscitet
760 4891 786 4946 di

319 5011 338 5058 1.
353 5013 383 5056 de
397 5011 541 5060 Cenem
1272 5015 1297 5058 8·
