3860 5890
547 529 574 584 l.
606 529 662 584 DE
690 527 990 585 CERMENATE.
1341 535 1397 600 131

212 746 322 836 lugam
333 769 460 838 sparsus
475 746 615 839 undique
628 769 685 839 per
696 748 790 818 devia
806 747 977 839 quaerebat
994 747 1104 818 salutis
1118 751 1216 818 viam.
1260 750 1402 841 plerique

211 883 322 931 versus
346 862 470 932 Padum
500 865 598 932 tutius
627 887 725 932 naves
758 881 879 954 petum,
910 863 1022 955 reliqui
1047 861 1190 954 peditum
1219 887 1259 934 ex
1283 887 1402 956 magna

124 995 136 1043 t
143 995 184 1064 30
211 995 298 1066 parte
321 993 375 1045 aut
403 977 484 1067 capri
508 995 562 1046 aut
591 977 698 1068 gladio
730 977 812 1046 caesi
835 995 921 1060 sunt,
946 976 1116 1067 pluresque
1144 976 1339 1060 cecidissent,
1370 981 1403 1048 ni

211 1090 308 1158 timor
330 1091 511 1160 Parmensis
529 1090 664 1160 Gilberti
683 1111 720 1160 ac
737 1089 955 1159 Laudensium
971 1089 1114 1172 exulum,
1142 1111 1224 1181 quos
1247 1109 1400 1160 venturos

211 1223 378 1288 noverant,
397 1207 556 1276 victorem
575 1207 710 1276 militem
727 1227 924 1290 revocassem
943 1207 998 1296 qui
1016 1205 1112 1276 etiam
1128 1227 1228 1296 prope
1244 1205 1350 1276 tardus
1365 1207 1404 1278 ad

211 1317 447 1391 defendendam
471 1321 615 1390 hostibus
638 1320 750 1390 urbem
773 1319 841 1404 ferit,
865 1343 1002 1412 quorum
1025 1321 1090 1389 iam
1114 1321 1244 1406 multos,
1264 1321 1403 1392 lacerato

210 1433 307 1516 vallo,
330 1435 484 1504 intrantes
512 1435 623 1506 urbem
652 1437 775 1505 invenit
803 1458 868 1526 qua
890 1435 1037 1504 nondum
1061 1457 1154 1504 muro
1178 1436 1303 1506 munita
1326 1455 1403 1506 erat.

123 1569 181 1636 135
211 1551 357 1620 nonnulli
377 1553 474 1622 etiam
493 1553 633 1622 hostium
654 1551 693 1622 ad
712 1553 861 1621 interiora
879 1551 964 1622 urbis
988 1555 1117 1622 moenia
1135 1553 1401 1644 propinquabant.

212 1667 244 1734 hi
267 1669 408 1758 primum
439 1669 643 1758 Papiensium
662 1666 862 1760 perpendunt
887 1668 1022 1752 cladem,
1042 1667 1119 1738 dum
1143 1691 1198 1758 per
1216 1667 1328 1738 urbem
1347 1689 1402 1736 va·

211 1799 323 1872 gantas
341 1801 476 1852 onusms
494 1781 610 1872 praeda
632 1782 749 1852 milites
772 1802 916 1866 cernunt,
938 1802 970 1852 et
987 1805 1085 1874 quam
1099 1782 1199 1873 vulgo
1215 1781 1403 1852 vociferanti

211 1899 365 1968 increduli
379 1919 573 1991 spreverant,
588 1919 748 1991 receptam
763 1901 858 1970 sociis
875 1899 997 1970 cladem
1014 1901 1152 1970 ementis
1167 1901 1402 1972 occurrentium

198 2009 325 2102 ,gladiis
340 2011 483 2096 credunt,
498 2011 693 2104 audiuntque
708 2013 792 2083 illico
811 2033 843 2084 et
861 2014 994 2084 credunt
1010 2016 1163 2084 comitem
1177 2015 1402 2106 Philipponem

124 2143 185 2212 ¹4⁰
212 2147 350 2218 captum.
397 2151 472 2198 uam
498 2131 595 2220 ipsius
618 2129 714 2200 cladis
737 2130 822 2199 lama
846 2149 900 2200 aut
922 2129 1005 2202 ullus
1025 2133 1161 2202 nuncius
1184 2129 1224 2200 ad
1242 2151 1300 2200 eos
1319 2153 1403 2200 non-

213 2243 290 2314 dum
305 2263 446 2315 venerat.
491 2249 596 2336 itaque
611 2247 702 2316 omni
716 2269 772 2337 spe
787 2246 920 2338 perdita,
935 2245 1042 2316 subito
1061 2270 1179 2339 pavore
1194 2247 1334 2338 percussi
1350 2249 1404 2336 qui

211 2361 304 2451 primi
317 2361 521 2444 intraverant,
538 2360 665 2452 rapidos
679 2363 796 2432 sistunt
806 2362 942 2453 gradus;
958 2361 1073 2432 deinde
1092 2362 1170 2434 dum
1185 2381 1271 2432 retro
1286 2363 1403 2452 pedem

212 2474 327 2560 lerunt,
349 2477 404 2567 qui
435 2477 547 2548 deiecti
575 2499 685 2566 passus
708 2477 781 2546 valli
811 2475 978 2548 servabant
1001 2478 1099 2548 adse
1122 2499 1275 2548 vocantes
1298 2480 1403 2547 socios

212 2589 318 2662 subito
335 2591 376 2662 de
399 2594 523 2684 aggeris
541 2593 669 2662 tumulo
687 2615 756 2662 sese
776 2595 991 2685 praecipitant.
1038 2595 1138 2664 exteri
1157 2595 1264 2685 itaque
1283 2617 1403 2685 pavore

125 2721 182 2788 145
211 2709 361 2799 percussi,
369 2709 423 2799 qui
435 2707 558 2792 urbem,
570 2731 667 2798 quam
680 2731 780 2800 prope
794 2729 919 2798 captam
926 2709 1092 2800 putabant,
1100 2711 1164 2778 iam
1177 2709 1263 2780 sacto
1275 2711 1405 2800 agmine

212 2825 328 2894 intrare
357 2823 517 2915 parabant.
563 2823 618 2894 sed
637 2847 704 2894 non
723 2823 861 2894 multum
881 2825 1024 2896 dubitare
1042 2829 1201 2911 sinuntur,
1225 2849 1301 2896 nam
1319 2825 1405 2896 illico

212 2939 374 3030 patefactis
392 2941 490 3031 portis
509 2958 681 3031 emmpunt
699 2957 761 3008 tres
774 2937 1009 3010 Gibellinorum
1032 2941 1176 3032 equitum
1196 2961 1329 3024 tunnae,
1348 2941 1403 3032 qui

212 3057 366 3148 neglectis
388 3079 469 3148 quos
491 3057 609 3147 passim
633 3073 786 3148 vagantes
808 3077 943 3126 cernunt
966 3057 1123 3141 hostibus,
1147 3059 1180 3126 in
1203 3056 1404 3149 frequentem

214 3173 355 3242 hostium
374 3173 487 3256 aciem,
505 3195 587 3264 quae
606 3193 664 3262 pro
686 3173 823 3240 statione
846 3191 924 3255 erat,
945 3191 1052 3256 ruunt,
1076 3193 1196 3264 eosque
1219 3173 1326 3263 primo
1344 3173 1404 3242 im·

126 3295 187 3366 15⁰
213 3307 288 3380 petu
309 3289 343 3358 in
362 3287 473 3378 lugam
491 3307 629 3357 sermm.
676 3305 762 3370 nanc,
782 3285 883 3356 multa
902 3286 1045 3378 pedimm
1065 3307 1170 3378 strage
1189 3287 1283 3372 lacta,
1301 3291 1403 3358 evasit

213 3425 321 3494 eques,
352 3419 420 3472 tota
449 3399 589 3494 (caedis)
617 3400 721 3470 clades
744 3399 888 3492 peditum
912 3399 982 3486 fuit,
1012 3425 1093 3492 quos
1117 3403 1191 3493 quia
1211 3401 1309 3472 effirsa
1327 3402 1404 3494 iuga

214 3541 351 3610 sparsos,
370 3541 473 3610 neque
502 3517 640 3590 mulmm
661 3517 762 3608 longe
791 3518 989 3609 persequimr
1011 3517 1199 3603 Gibellinus,
1218 3519 1323 3588 immo
1341 3541 1405 3588 ser·

214 3651 307 3702 vatae
325 3631 410 3702 urbis
428 3631 570 3723 periculo
590 3649 770 3716 contentus,
789 3631 884 3722 signo
902 3631 1042 3722 receptui
1061 3631 1148 3714 dato,
1167 3631 1280 3702 urbem
1297 3633 1404 3702 intrat.

214 3769 325 3818 comes
344 3749 503 3840 Philippo,
527 3747 581 3816 ubi
603 3767 698 3838 prout
721 3771 770 3816 res
793 3767 989 3839 processerat
1011 3749 1121 3834 sensit,
1144 3769 1266 3831 secum,
1293 3747 1407 3838 «quid

127 3875 186 3944 ¹55
215 3865 343 3936 ulterius
366 3883 408 3950 te,
427 3865 542 3956 inquit,
559 3863 799 3934 dilacerandum
816 3885 923 3934 servas
938 3865 952 3932 l
987 3863 1208 3956 expectabisne
1223 3863 1356 3956 qualiter
1374 3883 1406 3934 te

217 4155 289 4197 sorte
304 4141 348 4198 del
363 4153 444 4198 conte
462 4141 490 4197 di
506 4141 652 4214 Laogosco
665 4141 790 4214 ripetooo
836 4141 970 4196 «sinistro
985 4139 1103 4198 latorum
1114 4155 1188 4208 tau,
1203 4155 1281 4196 secus
1297 4139 1408 4194 Placen·

217 4225 242 4280 ie
261 4241 325 4282 ense
348 4237 442 4292 stesse,
461 4239 555 4282 cavate
568 4225 740 4282 unicameote
755 4225 789 4280 da
837 4225 928 4280 «tiam
941 4223 1077 4298 prolecms
1090 4223 1190 4280 multas
1204 4239 1300 4279 seeum
1313 4223 1407 4296 copias

216 4321 311 4382 questa
335 4307 419 4376 fonte,
445 4309 465 4366 ii
492 4309 683 4376 civissem,
712 4308 789 4365 Com·
836 4309 1024 4376 «adduxisset,
1038 4307 1104 4364 dolo
1119 4319 1276 4380 superatum
1291 4305 1407 4362 vinculis

213 4393 303 4466 padio
326 4393 386 4448 delia
410 4411 461 4448 cose
482 4396 580 4467 poteri,
604 4393 697 4458 Pania,
720 4391 788 4446 Lro·
835 4393 940 4448 «tradit
954 4390 1094 4464 (Galeas),
1113 4389 1236 4464 patrique
1253 4407 1304 4446 suo
1325 4389 1408 4462 (Mat-

217 4477 292 4546 doni,
308 4477 383 4548 1837,
398 4495 424 4550 p.
442 4475 499 4546 156,
514 4494 531 4533 e
546 4477 566 4532 'd
581 4477 730 4542 Rosotrm,
744 4490 789 4548 op.
838 4475 922 4544 ereo)
955 4490 1039 4548 usque
1072 4471 1259 4530 Mediolanum
1289 4471 1407 4540 dimittit,

218 4559 262 4614 cit
281 4571 359 4614 tomo
379 4559 426 4626 1v,
444 4577 500 4634 par.
521 4561 582 4634 1,p.
599 4559 657 4632 265.
696 4559 791 4614 Breve
838 4559 909 4614 «ubi
927 4575 1018 4632 quem,
1042 4557 1122 4614 rebus
1140 4555 1253 4613 feliciter
1267 4555 1408 4624 mutibus,

218 4659 309 4700 mente
323 4643 343 4700 il
356 4645 497 4712 ismaro,
508 4645 555 4712 Vl,
571 4661 653 4702 star:
669 4665 684 4696 α
693 4643 791 4701 deinde
839 4661 854 4692 s
864 4641 1015 4696 Αιιωιιίιιιιι
1029 4637 1201 4694 laudensem
1211 4639 1299 4694 amice
1309 4637 1409 4694 dilexe-

219 4727 437 4802 «Philippouem
456 4729 538 4786 amici
556 4729 675 4800 (Alberti
690 4729 793 4798 Scotti)
839 4725 1058 4792 «ratineodem
1065 4723 1182 4780 carceris
1190 4721 1328 4798 ergastulo
1338 4723 1408 4796 apud

218 4813 392 4870 «vindictam
413 4815 577 4888 uigentem,
606 4831 669 4870 cum
688 4813 794 4880 itidem,
839 4826 927 4867 «eum
946 4808 1083 4884 depositio
1101 4807 1203 4864 invenit
1214 4829 1239 4860 s.
