3860 5890
602 573 631 628 1.
658 573 716 629 ns
742 573 1059 632 crnuuuare.
1355 585 1416 654 147

237 789 332 862 dibile
350 790 459 860 luisset
477 793 631 862 nnete).
676 795 711 864 io
729 791 823 866 huius
837 797 993 867 exercitus
1011 796 1149 868 adventu
1172 799 1206 868 in
1221 799 1415 872 deditionem

236 907 369 976 venium
391 905 645 998 Oghiablaoum,
662 929 794 1001 utraque
814 911 953 982 Ferraria
976 912 1173 982 Lomellinae
1195 914 1342 1006 aliudque
1365 939 1415 986 ca-

236 1041 347 1105 strum,
370 1021 458 1114 quod
480 1024 655 1114 Praepositi
685 1045 822 1096 castrum
846 1044 962 1096 vocant
980 1027 1114 1112 incolae,
1140 1029 1308 1120 pluresque
1338 1031 1417 1101 aliae

236 1138 328 1208 villae
354 1139 370 1176 *
397 1137 610 1229 populationis
643 1163 793 1232 agrorum
816 1142 993 1233 pleraeque,
1015 1165 1149 1234 quarum
1172 1144 1298 1228 incolis,
1327 1147 1353 1214 si
1377 1145 1416 1214 ab

165 1269 208 1338 3o
235 1249 379 1322 hostibus
397 1271 667 1344 oppugnarentur,
686 1255 812 1324 tnodica
834 1279 906 1348 spes
929 1254 1122 1327 defensionis
1141 1277 1217 1328 erat.
1263 1261 1339 1330 Duo
1358 1283 1412 1330 au-

234 1385 301 1438 tem
323 1365 441 1440 nobilia
462 1367 579 1460 oppida
597 1367 782 1460 Rodopium
803 1388 836 1439 et
848 1371 1029 1442 Nicomum
1044 1395 1151 1462 pugna
1170 1371 1282 1442 frustra
1297 1392 1417 1444 tentata

234 1501 318 1552 sunt.
365 1481 501 1554 'castrum
524 1506 652 1575 quoque
675 1487 800 1554 comitis
823 1485 966 1556 Guidetti
993 1485 1033 1554 de
1052 1487 1234 1577 Langusto,
1255 1490 1307 1557 cui
1332 1489 1414 1557 Het-

234 1595 403 1668 bonesium
422 1621 543 1669 nornen
565 1599 686 1682 erat(⁸),
701 1621 767 1668 uno
782 1599 833 1668 die
853 1601 1005 1670 continuo
1020 1623 1121 1691 nsque
1140 1621 1284 1692 vesperas
1303 1599 1416 1672 frustra

232 1734 342 1805 pugna
369 1733 526 1784 tentatum
547 1733 605 1800 est,
629 1715 732 1786 immo
754 1715 852 1784 etiam
877 1715 964 1806 quod
987 1733 1075 1784 extra
1098 1736 1263 1786 murorum
1287 1719 1415 1786 moenia

164 1846 204 1913 35
233 1847 395 1918 receptum
411 1849 538 1915 vocant,
557 1829 626 1899 sola
643 1829 717 1898 valli
735 1853 772 1900 ac
791 1829 895 1900 fossae
911 1830 1031 1901 ambitu
1051 1829 1217 1901 defensum
1237 1849 1293 1900 est.
1340 1849 1416 1901 tunc

232 1967 320 2028 vero,
333 1943 408 2015 dato
419 1947 557 2038 receptui
571 1947 676 2036 signo,
696 1969 836 2037 apugna
850 1967 1010 2018 cessatum
1028 1965 1086 2016 est.
1131 1945 1259 2037 profitit,
1275 1965 1312 2016 ut
1326 1967 1415 2038 puto,

232 2059 419 2146 defensioni,
443 2059 531 2151 quod
554 2083 628 2130 cunt
646 2061 869 2156 scalaeptope
891 2081 1017 2152 portam
1040 2062 1132 2132 castri
1155 2081 1277 2132 erectae
1300 2061 1415 2142 forent,

232 2195 263 2244 et
278 2175 454 2246 instantiori
467 2199 575 2268 pugna
587 2195 772 2268 urgerentur
786 2177 962 2262 extrinseci,
972 2176 1084 2247 deiecti
1096 2195 1170 2248 sunt
1181 2175 1299 2248 denarii
1312 2199 1330 2246 a
1341 2175 1416 2246 dex·

232 2291 287 2360 tris
309 2309 403 2382 atque
425 2291 558 2362 sinistris
576 2291 676 2382 plenis
703 2291 852 2361 manibus
874 2293 984 2382 sparsi,
1012 2311 1047 2362 ut
1068 2291 1178 2376 hostis,
1202 2315 1298 2384 quem
1321 2294 1416 2362 nimis

161 2419 206 2488 40
232 2403 362 2476 avidum
384 2407 547 2496 pugnandi
572 2405 694 2490 vident,
711 2405 752 2476 ad
774 2405 913 2476 oblatam
935 2407 995 2478 sibi
1017 2407 1187 2496 pecuniam
1206 2427 1358 2492 curreret3
1382 2427 1414 2478 et

232 2540 267 2590 ut
295 2519 462 2612 sperabant
483 2502 645 2590 intrinseci
668 2523 715 2592 sic
741 2520 863 2604 accidit,
885 2543 962 2590 nam
996 2519 1171 2590 Gibellinus
1204 2520 1306 2603 miles,
1329 2521 1414 2590 illico

232 2657 373 2726 pugnam
387 2635 545 2725 linquens,
563 2635 701 2706 incertae
718 2636 853 2726 praedae
870 2635 1016 2728 praetulit
1033 2653 1155 2705 certum
1173 2635 1308 2704 lucrum.
1349 2655 1415 2704 erat

232 2751 319 2820 enim
342 2769 479 2820 mount
502 2750 578 2820 illud
600 2748 741 2842 undique
770 2751 1024 2844 inexpugnabile,
1048 2772 1115 2820 non
1142 2767 1251 2820 tamen
1276 2747 1339 2818 ulla
1357 2749 1416 2818 ho-

232 2867 369 2949 minum,
382 2865 439 2936 sed
453 2867 552 2934 solius
567 2885 698 2936 naturae
713 2885 778 2936 arte
790 2867 800 2958 Ι
814 2869 986 2949 munitum,
1005 2866 1063 2936 laci
1079 2865 1198 2936 scilicet
1215 2882 1247 2934 et
1265 2863 1414 2956 profundi

162 3005 202 3072 45
231 2981 334 3070 stagni
353 2979 508 3070 praesidio
531 2999 637 3050 tutum
658 3001 779 3072 praeter
801 2981 869 3050 eius
887 2980 969 3050 latus
991 3003 1104 3061 unum,
1123 2979 1176 3049 ubi
1200 2979 1293 3048 unica
1317 2979 1414 3046 totius

232 3095 324 3164 castri
340 3113 430 3186 porta
449 3115 525 3178 etat,
548 3113 621 3164 ante
644 3098 732 3165 cuius
755 3095 857 3164 latetis
876 3093 990 3164 faciem
1008 3113 1151 3184 receptus
1174 3093 1260 3161 vallo
1283 3115 1319 3161 ac
1342 3113 1416 3184 pro-

231 3209 330 3280 funda
351 3209 438 3280 fossa
459 3229 546 3280 ortus
564 3209 721 3294 obstabat,
735 3233 776 3281 ne
790 3211 909 3300 primus
926 3209 1065 3280 bostium
1084 3210 1221 3299 impetus
1237 3205 1276 3276 ad
1290 3188 1414 3298 portam

232 3347 424 3418 murumque
438 3325 586 3395 interiora
601 3327 693 3396 castri
707 3325 806 3396 lieret.
851 3324 992 3416 dumque
1006 3323 1199 3415 stipendiarii
1213 3323 1313 3391 nostri
1327 3321 1413 3391 illam

231 3441 334 3512 solaro
362 3459 484 3532 partem
512 3441 629 3532 recepti
663 3457 816 3532 pugnant,
839 3461 922 3531 quae
944 3439 1089 3529 opposita
1112 3436 1152 3505 ad
1175 3455 1300 3528 portam
1322 3434 1414 3504 castri

164 3578 205 3646 50
231 3553 373 3626 defendit
383 3579 558 3638 accessum,
565 3553 670 3646 ibique
681 3579 721 3626 ex
731 3553 882 3626 omnibus
894 3553 1032 3646 partibus
1046 3548 1306 3622 concurrentibus
1317 3549 1415 3618 totius

229 3673 345 3762 recepti
358 3669 576 3742 defensoribus
596 3693 714 3762 magna
729 3670 762 3739 vi
779 3669 945 3752 resistittu,
962 3669 1005 3736 ita
1022 3665 1109 3758 quod
1126 3667 1161 3736 in
1176 3663 1414 3756 expugnatione

266 3931 310 4006 (r)
329 3933 437 4009 Appare
455 3933 577 3989 evidente
596 3931 668 3988 dalla
685 3931 801 4004 partico-
845 3931 958 3996 decimo,
968 3929 1012 4002 gil
1029 3927 1142 3984 sindaco
1157 3925 1228 3982 della
1244 3925 1308 3980 cina
1322 3922 1350 3978 di
1364 3921 1414 3978 Mi·

231 4017 287 4074 lare
301 4035 365 4075 cora
380 4019 432 4075 ebe
450 4019 470 4074 il
485 4019 519 4076 C.
534 4019 664 4074 dimostra
678 4018 725 4073 nel
739 4028 801 4072 atat·
844 4013 909 4070 leno
924 4029 977 4068 con
990 4011 1140 4066 Francesco
1156 4009 1189 4064 da
1205 4005 1377 4078 Garbagnate
1395 4021 1411 4062 e

230 4103 352 4174 teggiare
385 4103 411 4158 la
443 4101 528 4174 ligura
554 4101 598 4157 del
625 4101 798 4172 Garbagnate
843 4097 944 4170 lacopo
961 4095 995 4150 da
1010 4091 1166 4150 Pirovanol
1205 4087 1414 4146 vuuesuione

231 4183 278 4256 (ct
298 4201 355 4258 cap.
370 4183 448 4258 XVI)
470 4185 529 4252 che,
544 4183 584 4240 ira
598 4184 659 4240 nacti
677 4183 686 4238 i
702 4181 800 4238 fautori
878 4181 921 4252 (a)
940 4178 980 4235 Le
1006 4177 1121 4234 ionuza
1150 4177 1177 4232 di
1204 4175 1341 4230 Erbonese
1370 4172 1413 4228 del

230 4267 302 4324 della
317 4283 398 4332 causa
411 4267 567 4342 ghibellina,
581 4285 700 4324 ueneno
715 4267 760 4340 pilt
772 4267 799 4322 di
844 4277 924 4322 conte
949 4263 1080 4320 Guidetto
1098 4263 1125 4318 di
1143 4261 1288 4333 Lengosco
1313 4257 1341 4312 io
1360 4255 1413 4312 l.o-

231 4351 269 4408 lui
287 4353 358 4426 gode
378 4353 402 4410 le
421 4353 545 4426 simpatie
559 4351 603 4408 del
617 4365 712 4408 nocuo
726 4351 800 4408 ecrit·
843 4347 963 4406 medina
998 4345 1138 4402 L’tseedie
1165 4343 1207 4401 del
1235 4339 1348 4397 canello
1366 4355 1415 4394 av·

230 4435 454 4503 commnione,
466 4451 495 4492 ae
510 4453 566 4491 non
582 4435 798 4510 c'ingannlamo,
842 4449 931 4490 venne
940 4431 1111 4489 nell'ottobre
1125 4431 1154 4486 di
1165 4427 1320 4502 quell'anno
1339 4439 1415 4496 ¹³¹⁴·

230 4533 325 4594 queste
347 4517 441 4594 parole
464 4517 561 4574 relano
587 4519 606 4574 il
634 4519 798 4574 tammarico
843 4517 886 4574 Οἱ
903 4517 1053 4582 Ronorntt,
1068 4531 1113 4589 op.
1129 4513 1172 4570 cit.
1187 4511 1235 4576 tv,
1250 4507 1301 4582 269
1320 4525 1336 4564 e
1354 4523 1415 4580 agg.

230 4605 283 4662 che
300 4603 387 4660 anche
401 4605 435 4658 ad
449 4601 519 4670 altri,
537 4621 594 4660 non
610 4619 693 4660 meno
707 4603 798 4659 devoti
843 4601 866 4658 11
884 4599 1013 4657 Robolini
1028 4599 1107 4656 erede
1119 4597 1146 4653 di
1158 4607 1236 4670 poter
1250 4603 1415 4664 corrcggece

230 4707 246 4744 a
273 4689 376 4746 blatteo
397 4689 530 4754 visconti,
556 4689 583 4744 le
609 4687 717 4744 tonum
743 4703 798 4742 oon
844 4683 1087 4742 l’eErbonensise
1115 4681 1159 4738 del
1183 4678 1216 4736 (ζ
1249 4677 1277 4733 in
1297 4695 1312 4728 e
1332 4673 1416 4730 Albo·

230 4773 309 4828 abbia
327 4771 502 4846 ngoalnrente
520 4773 613 4829 atrise.
650 4769 800 4830 chelle.
844 4759 1362 4836 nense-‚manmeelleprove

230 4859 382 4914 incudm
399 4857 520 4914 alludere
538 4857 626 4914 anche
650 4875 667 4912 a
693 4859 723 4914 ab
746 4871 801 4912 me·
