3860 5890
424 533 438 560 ⁸
502 531 564 596 126
972 543 1218 603 HISTORIA

498 787 591 859 cupat
607 769 652 836 (¹).
698 769 786 838 unde
803 769 843 838 ad
861 789 949 838 arma
968 771 1085 838 conciti
1103 771 1210 838 socios
1232 789 1265 839 et
1280 771 1404 838 amicos
1420 789 1550 853 vocant,
1567 791 1603 838 ac
1622 792 1690 838 ma·

496 905 567 973 gno
584 885 722 954 exercim
738 903 945 976 congregato,
959 884 999 952 ad
1012 903 1150 955 tastntm
1165 885 1205 953 de
1221 885 1395 956 Camaiore
1408 883 1533 954 duobus
1549 883 1690 953 millibus

496 1019 648 1088 passuum
670 999 872 1069 Petrasancta
898 1001 1020 1070 distans
1040 1003 1175 1070 veniunt
1203 1002 1386 1091 iterumque
1407 1001 1447 1069 ad
1476 999 1613 1070 reditum
1638 1001 1690 1068 Pi
1717 1018 1758 1085 25

496 1137 593 1185 sanos
604 1115 750 1186 obsident
764 1117 810 1200 (¹),
827 1115 883 1208 qui
896 1137 1034 1187 numero
1052 1117 1195 1206 equitum
1212 1137 1309 1208 atque
1322 1115 1465 1208 peditum
1476 1115 1613 1186 nimium
1629 1117 1691 1184 im·

496 1251 596 1319 pares,
618 1251 681 1321 qua
710 1253 875 1314 venerant,
898 1233 989 1302 Pisas
1019 1231 1125 1302 redire
1153 1253 1220 1302 non
1245 1232 1372 1302 audent.
1419 1247 1509 1302 erant
1538 1231 1626 1300 enim
1655 1233 1688 1302 iu

496 1345 636 1415 exercitu
654 1346 788 1416 Lucano
803 1347 870 1418 duo
884 1346 983 1416 millia
1001 1349 1146 1438 equitum
1164 1365 1197 1416 et
1216 1365 1280 1416 ‚un
1301 1347 1400 1416 millia
1413 1347 1571 1438 peditum,
1583 1367 1690 1436 neque

496 1461 579 1531 aliud
598 1463 659 1530 iter
676 1463 800 1532 Pisanis
817 1481 925 1532 mrum
943 1482 1000 1532 est.
1046 1485 1134 1548 uam,
1150 1463 1205 1554 qui
1219 1464 1307 1534 solus
1321 1481 1428 1546 restat,
1443 1483 1574 1554 passum
1592 1463 1689 1530 man‘s

494 1578 578 1666 regis
612 1576 743 1647 Robetti
779 1578 1020 1669 quatuordecim
1050 1578 1214 1669 galearum
1247 1578 1355 1648 classis
1388 1577 1556 1647 obsessum
1590 1593 1687 1646 tenet.
1717 1595 1761 1662 30

495 1691 601 1758 Pisani
630 1707 738 1759 tamen
763 1691 916 1760 vadantes
940 1692 1041 1782 ripam
1064 1693 1163 1760 maris
1186 1709 1260 1760 ante
1282 1713 1337 1760 ora
1360 1691 1513 1775 hostium,
1537 1692 1592 1780 qui
1615 1691 1690 1760 Mu·

496 1827 627 1874 cronem
645 1808 861 1896 propinquum
878 1807 966 1896 ripae
983 1807 1080 1875 matis
1097 1823 1235 1876 castnrm
1251 1806 1400 1876 obstandi
1417 1827 1511 1876 causa
1525 1823 1688 1888 venerant,

494 1922 685 1990 transierunt
716 1921 930 2013 periculosum
960 1939 995 1988 et
1015 1922 1112 1990 nimis
1135 1923 1235 1991 altum
1265 1923 1360 1990 maris
1390 1919 1521 2004 vadum,
1545 1921 1688 1990 hostium

494 2035 648 2106 insultum
671 2037 742 2127 plus
760 2038 913 2108 timentes
926 2037 961 2093 P)
974 2036 1020 2106 θ).

561 2153 683 2222 LXIII.
730 2153 780 2222 lio
796 2171 945 2244 tempore
961 2153 1118 2223 militabat
1135 2153 1217 2223 Pisis
1235 2153 1352 2223 nobilis
1375 2173 1407 2223 et
1426 2153 1574 2244 egregius
1597 2154 1689 2222 miles

495 2267 622 2350 Struffa,
637 2267 869 2358 lBramlrancia
892 2289 1002 2360 geute,
1017 2271 1106 2339 cuius
1125 2293 1247 2340 nomeu
1266 2269 1423 2339 incastris
1442 2272 1530 2340 iuxta
1549 2271 1688 2340 Brixiam

495 2384 614 2453 clarum
630 2407 667 2452 ac
684 2387 752 2474 regi
770 2407 879 2455 carum
897 2385 1094 2455 videramlli.
1140 2386 1230 2455 hunc
1246 2407 1320 2454 cum
1337 2405 1400 2454 us.
1420 2385 1632 2456 Theutonicis
1649 2385 1688 2454 ad

494 2517 631 2568 castrum
643 2500 728 2568 Vico
739 2501 894 2570 Pisanum
904 2519 1093 2592 pergentem
1108 2500 1228 2584 hostes,
1242 2501 1299 2591 qui
1310 2521 1450 2570 numero
1462 2519 1552 2570 eraut
1566 2502 1688 2592 equites

495 2633 604 2684 mccc·
618 2615 666 2700 (θ),
680 2615 803 2706 pedites
818 2637 872 2686 at.
889 2617 998 2702 millia,
1017 2619 1052 2686 iu
1066 2619 1180 2686 itinere
1198 2617 1339 2708 aggressi
1357 2635 1441 2686 sunt.
1488 2616 1531 2686 ibi
1552 2618 1688 2706 insignis
1717 2635 1735 2700 5

492 2751 601 2820 pugna
619 2751 655 2799 ac
684 2733 860 2800 memoriae
883 2731 980 2823 digna
1010 2730 1080 2817 fuit,
1112 2733 1267 2823 quoniam
1286 2733 1377 2802 nullo
1400 2754 1543 2823 unquam
1566 2733 1689 2824 proelio

493 2845 622 2916 fortuna
629 2847 673 2916 ita
686 2846 796 2938 paucis
808 2849 944 2939 propitia
957 2847 1026 2918 fuit.
1073 2868 1111 2916 ea
1126 2870 1268 2939 namque
1283 2848 1489 2918 Lucanorum
1505 2849 1687 2933 multimdo,

493 2963 731 3032 Germanorum
750 2963 904 3054 parvitate
926 2985 1071 3054 superata
1094 2983 1126 3034 et
1144 2965 1178 3033 in
1202 2963 1353 3036 conflictu
1377 2965 1480 3056 posita
1498 2981 1556 3047 est,
1580 2965 1688 3034 multis

492 3101 532 3147 ex
556 3078 758 3169 magnatibus
778 3079 877 3148 caesis
895 3080 1068 3169 multisque
1089 3080 1188 3170 captis
1219 3079 1427 3170 pluribusque
1448 3081 1549 3170 signis
1572 3080 1688 3148 milita·

492 3193 580 3263 ribus
601 3195 769 3284 reportatis
789 3193 889 3278 Pisas,
917 3195 1131 3264 inhonorem
1155 3193 1235 3264 beati
1260 3193 1407 3284 martyris
1435 3195 1579 3286 Georgii,
1599 3197 1689 3266 cuius
1720 3210 1761 3258 ιο

493 3333 613 3379 numen
638 3309 887 3399 imploraverant
910 3333 946 3378 ac
969 3333 1092 3378 nomen
1115 3311 1183 3379 eius
1207 3311 1240 3379 in
1265 3309 1350 3380 bello
1370 3309 1527 3395 dixerant,
1552 3313 1688 3380 victores

493 3449 618 3496 novum
632 3426 789 3518 templum
803 3426 976 3496 fundarunt
994 3428 1028 3496 in
1043 3427 1120 3496 urbe
1136 3428 1251 3496 Pisana
1269 3427 1357 3496 iuxta
1370 3445 1500 3497 stratam
1517 3427 1549 3496 S.
1568 3427 1688 3497 Mariae

493 3545 658 3633 ipsamque
676 3541 845 3612 ecclesiam
868 3541 1040 3633 magnifice
1064 3543 1254 3612 decoramus
1268 3541 1314 3610 (⁴).

560 3657 679 3726 LXIV.
725 3659 816 3726 Dum
843 3658 879 3725 in
907 3657 1048 3748 partibus
1070 3658 1210 3728 Tusciae
1236 3659 1410 3748 imperator
1433 3679 1558 3727 moram
1582 3657 1688 3740 trahit,

494 3771 665 3854 Placentia,
678 3773 769 3841 cuius
785 3771 928 3842 custodia
946 3791 977 3841 et
988 3771 1165 3842 iurisdictio
1180 3773 1297 3844 Galeaz
1311 3773 1503 3844 Vicecomiti
1517 3775 1688 3842 commissa

493 3903 572 3970 erat,
593 3909 692 3976 prope
714 3887 840 3978 perdita
864 3887 934 3958 ituit.
979 3911 1057 3958 uam
1075 3912 1184 3958 comes
1214 3889 1361 3980 Philippo
1381 3889 1420 3960 de
1440 3891 1611 3980 Langusco
1630 3891 1689 3958 Pa·

493 4003 563 4092 piae
592 4019 624 4070 et
645 4000 794 4072 Gibertus
817 4001 856 4072 de
877 4004 1025 4094 Corrigia
1044 4006 1181 4074 Parmae
1201 4023 1233 4074 et
1250 4009 1390 4096 partium
1414 4006 1687 4075 circumstantium

493 4115 716 4208 Guelplrotum
725 4119 893 4210 principes,
903 4121 1144 4190 communicato
1152 4119 1416 4206 consiliqexcius
1425 4119 1570 4190 exulibus
1579 4119 1686 4190 Laude
1716 4141 1736 4208 5

493 4235 691 4326 altarumque
712 4255 878 4321 manum,
900 4236 1017 4328 quibus
1045 4257 1118 4306 aute
1150 4237 1283 4308 exilium
1306 4238 1395 4308 domi
1413 4259 1490 4308 suae
1508 4239 1687 4306 maximum

545 4469 581 4526 (a)
595 4465 696 4514 flamm.
712 4469 733 4513 B
750 4467 875 4527 iterumque
895 4467 923 4514 sd
944 4467 1042 4514 reditum
1061 4469 1148 4515 Pisanis
1168 4470 1271 4517 obsident
1366 4471 1403 4528 (b)
1418 4471 1478 4516 Mur.
1501 4482 1569 4530 quant
1590 4469 1691 4516 hostium

494 4545 605 4594 insultum
615 4545 690 4594 minus
704 4545 807 4594 timentes
861 4549 896 4606 (e)
910 4548 971 4596 Mur.
986 4547 1027 4608 qui
1040 4561 1134 4596 nurnero
1147 4558 1210 4595 erant
1225 4561 1295 4596 ¹cccc.
1309 4549 1395 4608 pedites

529 4737 1068 4830 (r)Ci.G.·vnmut,1x,xrvm‚xiu.
1148 4764 1194 4836 (ς)
1209 4761 1244 4820 v.
1261 4763 1429 4820 emenone.

529 4845 574 4914 (a)
592 4845 715 4902 Cidts.
728 4847 872 4912 Mussuro,
885 4847 957 4915 xvi,
970 4849 1040 4902 rubr.
1051 4863 1068 4903 t.
1149 4847 1193 4916 (4)
1212 4847 1335 4905 CiAru.
1352 4847 1690 4916 Musssro,le,rubr.t
