3874 5886
657 549 985 608 Pnttnztottt.
1321 549 1412 606 xxm

228 827 405 906 soenanea
419 827 616 906 Bmidense
635 839 644 872 ⁸
664 855 686 906 e
703 830 776 906 due
802 831 905 928 copie
922 831 1152 906 manoscritte
1176 827 1415 906 nell'arcbivio

229 961 391 1038 Notarile
416 961 452 1036 di
479 961 626 1038 Milano.
682 962 789 1041 Delie
806 965 878 1040 due
905 965 1008 1062 copie
1033 965 1264 1041 manoscritte
1288 963 1337 1040 da
1354 987 1414 1040 me

228 1113 371 1172 trovate
396 1095 454 1172 nei
482 1097 587 1196 rogiti
605 1097 641 1170 di
670 1095 780 1172 Carlo
807 1098 912 1196 Ripa,
933 1095 1029 1172 l’una
1056 1097 1078 1172 ἑ
1104 1095 1233 1196 legale,
1262 1097 1298 1170 in
1315 1113 1415 1174 mma

227 1253 351 1326 grave,
379 1227 415 1302 di
442 1229 575 1328 pagine
608 1232 651 1302 18
680 1253 751 1303 non
787 1245 983 1312 numerate,
1013 1225 1130 1304 l'altra
1161 1229 1183 1306 ὲ
1215 1225 1414 1325 esernplata

225 1359 316 1436 suila
341 1361 457 1458 prima
483 1361 519 1436 in
545 1362 712 1436 oemtten
740 1361 1006 1460 neiiigmfici.di
1034 1363 1167 1462 pagine
1197 1387 1256 1461 52,
1279 1361 1325 1438 ed
1343 1363 1414 1438 evi·

226 1493 457 1570 dentemente
469 1495 630 1594 eseguitz
652 1519 719 1592 per
736 1493 771 1570 la
788 1511 931 1593 stampa
949 1503 972 1570 ⁸.
1030 1494 1086 1570 Or
1103 1495 1207 1580 bene,
1229 1495 1265 1569 in
1281 1511 1414 1592 questo

226 1641 426 1703 strumento
452 1627 474 1704 ὲ
500 1627 700 1724 riprodotto
716 1627 992 1728 integraimente
1009 1653 1057 1704 un
1074 1642 1153 1704 atto
1169 1627 1230 1704 dei
1249 1653 1271 1722 9
1292 1653 1414 1702 marzo

224 1759 283 1836 del
316 1785 415 1858 ¹344
442 1775 572 1860 rogato
596 1761 645 1835 da
673 1761 855 1860 Paganolo
882 1761 1104 1860 Panigaroia‚
1126 1763 1162 1836 in
1180 1761 1235 1836 eui
1254 1760 1288 1835 ia
1307 1760 1409 1858 copia

224 1892 282 1968 dei
309 1891 455 1990 diplomi
481 1891 653 1992 irnpeiat
679 1893 702 1970 ἑ
729 1919 796 1992 per
821 1895 857 1968 di
884 1893 945 1992 piri
962 1895 1182 1972 autenticata
1199 1893 1293 1970 dalla
1310 1893 1412 1968 firma

223 2025 259 2100 di
287 2051 384 2102 nove
417 2027 513 2102 notai
549 2025 709 2104 miianoei
745 2027 812 2104 che
847 2027 975 2104 furono
1000 2029 1160 2126 presenti
1187 2026 1256 2102 alia
1283 2025 1413 2104 lettura

224 2157 305 2236 deii’
317 2159 553 2236 instrumento
568 2169 589 2234 ⁵.

310 2291 515 2388 «Quorum
541 2291 688 2389 quidem
714 2293 933 2368 notariorum
959 2294 1021 2391 qui
1052 2293 1274 2392 praedictam
1301 2291 1414 2368 ascul-

231 2424 441 2500 «tationem
468 2439 507 2500 et
532 2425 830 2500 exanrinationem
857 2425 1018 2502 fecerunt
1043 2426 1186 2500 nomina
1204 2440 1288 2501 sunt
1302 2425 1410 2500 haec:

230 2557 420 2634 «ioannes
454 2557 502 2633 de
538 2557 757 2634 Cermenate
797 2557 888 2632 filius
919 2559 1102 2655 quondam
1138 2559 1331 2644 Laurentii,
1362 2559 1414 2634 la-

230 2689 379 2764 eoobus
413 2689 529 2764 dictus
565 2691 736 2778 Minitius,
768 2690 954 2766 Cuminius
994 2689 1085 2766 filius
1120 2692 1302 2789 quondam
1341 2691 1413 2766 To

229 2823 380 2906 «mani,
412 2823 568 2898 loannes
594 2823 642 2898 de
671 2823 829 2922 Nuxigia
852 2823 1082 2900 cancellarius
1109 2827 1307 2900 communis
1333 2827 1412 2902 Me

229 2955 395 3030 ‹diolani
423 2955 514 3030 filius
526 2957 709 3053 quondam
724 2955 930 3054 Philipponi‚
952 2957 1173 3032 Ambroxius
1186 2958 1235 3034 de
1254 2959 1412 3058 Nuxigia

230 3087 357 3164 «filius
389 3089 572 3186 quondam
608 3089 764 3178 Arasmi,
808 3089 1025 3165 Ambrosius
1060 3091 1109 3166 de
1143 3091 1283 3166 Ruzolo
1318 3091 1409 3168 filius

230 3221 448 3320 «quondam
467 3221 648 3308 Androne,
668 3221 854 3298 Iacobinus
883 3220 1086 3298 Guiiasicca
1109 3221 1201 3300 filius
1227 3225 1410 3323 quondam

229 3353 399 3438 «Manet,
437 3352 657 3430 Marchioius
699 3353 809 3430 Canis
850 3353 942 3430 filius
980 3355 1127 3430 Henrici
1169 3359 1327 3434 notarius
1362 3359 1410 3434 ad

229 3486 487 3584 «provisiones
514 3487 711 3560 eommunis
739 3485 1030 3574 mediolanensis,
1050 3503 1090 3563 et
1117 3489 1247 3564 Paolus
1264 3489 1313 3566 de
1336 3491 1410 3566 An·

229 3619 402 3718 ‹tignate
437 3617 528 3693 filius
559 3615 711 3706 Aiberti,
740 3643 869 3694 omnes
899 3621 1114 3698 auctoritate
1139 3621 1312 3722 imperiali
1347 3651 1410 3722 pu·

292 3859 398 3918 'Porta
418 3863 442 3920 ir
462 3875 607 3936 regnatum
626 3863 695 3932 ΑΕ,
717 3879 758 3937 13,
779 3863 820 3936 ³⁶·

290 3961 404 4018 ¹Arcb,
422 3959 546 4018 Nomrile
565 3961 704 4022 milenue.
741 3965 786 4024 Cf.
805 3969 912 4026 rubrica
930 3967 975 4024 dei
989 3966 1084 4022 notaio
1103 3965 1188 4022 Cario
1207 3967 1277 4040 Ripa
1295 3967 1322 4022 di
1342 3967 1409 4026 Gio-

219 4059 300 4116 vanni
318 4059 405 4116 Panlo
423 4061 477 4130 (ee.
496 4061 608 4130 ¹⁸¹·⁴)²
628 4061 724 4134 ⁸¹654
742 4065 787 4122 die
802 4083 879 4124 ,m
892 4066 1044 4123 decembris
1055 4081 1085 4120 »t
1100 4075 1324 4138 «transumptum
1344 4065 1409 4122 eite-

219 4159 300 4216 -rinr
321 4159 483 4230 nenenmpti
506 4159 712 4234 privilegiorum
736 4181 931 4223 concessorum
956 4181 1004 4239 per
1026 4168 1203 4239 imperatores
1229 4163 1320 4220 furore
1347 4165 1409 4235 (sic)

219 4253 353 4310 rintiime
377 4255 493 4312 eiviutis
516 4255 701 4315 Mediolani».
737 4259 819 4317 Belle
842 4261 896 4318 dne
914 4261 994 4336 copie
1013 4259 1064 4318 ebe
1086 4263 1109 4316 si
1127 4273 1243 4316 noveno
1267 4261 1293 4314 di
1312 4271 1408 4334 questo

216 4363 367 4420 nmmo,
378 4353 404 4410 it
419 4353 547 4424 seconde,
566 4353 741 4428 cattignfica,
755 4355 784 4413 fu
796 4359 1018 4416 indnbbiemente
1032 4371 1172 4432 preparata
1187 4375 1234 4431 per
1249 4358 1276 4414 ia
1293 4369 1408 4430 stampe,

217 4448 243 4502 di
261 4449 304 4504 cni
323 4449 429 4507 rimene
448 4467 485 4506 un
504 4451 655 4526 esemplare
673 4453 746 4510 neiie
760 4455 908 4515 biblioteca
922 4459 949 4514 di
964 4457 1061 4524 Brem
1075 4455 1163 4514 infarri
1179 4473 1195 4512 a
1209 4469 1288 4530 tergo
1303 4455 1409 4512 deli'nl·

216 4545 284 4602 time
302 4547 401 4620 μείω
419 4545 539 4622 ieggesi:
559 4549 618 4606 «tt
636 4549 707 4607 iteri
725 4565 897 4630 erumpere».

282 4643 297 4692 3
315 4643 350 4700 Di
368 4647 523 4720 qnest’etto.
542 4647 654 4705 inserito
672 4649 718 4706 nel
734 4661 877 4710 trensnnto
895 4653 939 4710 del
964 4652 1039 4724 1654,
1062 4669 1119 4710 non
1137 4653 1160 4710 si
1179 4669 1310 4710 conserva
1333 4651 1410 4712 l'ori·

214 4737 306 4810 gineie
323 4741 368 4798 del
390 4757 465 4816 1344
500 4743 556 4800 Del
574 4745 671 4802 notaio
689 4747 831 4820 Pegenoio
850 4749 1013 4823 Pmigrrolr
1029 4767 1085 4808 non
1104 4751 1209 4808 rimene
1230 4751 1309 4808 ricun
1329 4753 1408 4808 istru-

216 4849 311 4894 mto
327 4837 467 4897 nell'ereh.
486 4839 611 4898 Nmtriie
628 4843 768 4901 milenese
