3860 5884
517 527 559 594 72
632 546 639 560 ·
984 526 1231 584 HISTORIA

517 769 632 815 verum
654 747 759 835 ipsum
784 747 929 814 tractavit
946 764 982 814 ut
999 746 1137 816 hostem.
1184 771 1259 817 nam
1282 748 1365 816 illico
1384 768 1508 838 reperta
1530 767 1578 818 est
1600 749 1704 841 aquia
1736 771 1777 818 ro

517 862 597 930 olim
616 861 795 952 imperialis,
808 881 843 931 ut
855 882 945 952 puto,
963 863 1140 931 reverentia
1158 863 1190 931 in
1209 863 1336 934 secretis
1356 864 1484 934 aedium
1498 887 1592 933 muro
1609 867 1702 955 picta,
1788 937 1802 964 ,

517 1001 614 1069 quam
627 977 756 1068 laqueus
768 1001 869 1067 nuper
881 977 1017 1046 carbone
1028 975 1249 1069 factus,stipite
1261 978 1403 1048 similiter
1415 977 1550 1048 carbone
1564 979 1702 1068 signato,

516 1119 704 1186 suspensam
716 1113 803 1164 tenet
812 1095 858 1178 (¹),
870 1117 991 1164 vanum
1003 1119 1040 1162 ac
1050 1095 1202 1164 stolidum
1212 1095 1222 1186 fl
1232 1120 1322 1187 opus,
1335 1115 1370 1166 ut
1381 1094 1489 1179 fertur,
1502 1095 1613 1166 famuli
1626 1098 1704 1167 Cre-

517 1210 723 1278 monensium
746 1209 925 1299 legatorum
954 1208 1116 1278 Guelficae
1146 1210 1252 1299 partis,
1282 1211 1337 1301 qui
1360 1210 1456 1300 paulo
1479 1229 1553 1279 ante
1582 1209 1705 1279 ibidem

516 1323 659 1414 hospicio
678 1323 811 1392 fuerant.
850 1323 912 1391 hoc
931 1322 1073 1412 garrulus
1089 1323 1234 1392 adulator
1251 1345 1311 1392 suo
1329 1326 1482 1394 nuncians
1503 1323 1649 1411 domino,
1669 1351 1705 1395 ac
1738 1343 1774 1408 15

517 1440 605 1508 velut
616 1463 749 1508 saevum
762 1463 798 1508 ac
810 1439 1023 1529 periculosum
1038 1439 1212 1508 ostendens
1226 1440 1348 1508 facinus
1360 1441 1412 1510 ilie
1424 1461 1535 1510 servus
1547 1464 1704 1532 nequam:

520 1585 536 1622 ιι
547 1555 631 1638 vide,
645 1556 759 1646 inquit,
770 1555 900 1624 domine
914 1556 970 1638 mi,
982 1555 1118 1626 Guelfici
1130 1554 1263 1645 hospitis
1275 1558 1376 1624 nostri
1386 1555 1535 1647 perfidiae
1547 1579 1705 1647 magnum

514 1673 642 1762 signum
660 1697 690 1738 a.
737 1671 801 1738 hoc
819 1669 916 1760 igitur
933 1669 1104 1739 ridiculoso
1122 1671 1157 1726 (l)
1176 1672 1309 1741 crimine
1333 1671 1416 1762 apud
1439 1671 1615 1764 quemlibet
1638 1695 1706 1740 ma·

514 1787 717 1877 gnanimum,
729 1787 856 1876 iguams
868 1784 986 1874 hospes
997 1785 1128 1875 indigne
1143 1808 1180 1854 ac
1194 1808 1288 1856 saeve
1300 1789 1334 1856 in
1349 1788 1522 1857 obscurum
1535 1807 1704 1878 acturpem

513 1898 702 1990 pertrahitur
720 1901 849 1968 carceris
869 1899 978 1968 locum
995 1900 1049 1984 (⁶);
1069 1899 1124 1968 ubi
1142 1901 1205 1969 hoc
1229 1903 1361 1970 crimine
1384 1903 1540 1972 innocens
1559 1903 1637 1972 civis
1657 1926 1705 1971 as·
1733 1915 1777 1964 20

513 2016 626 2084 seritur
644 2015 728 2084 vitae
746 2037 829 2083 reus.
876 2013 1020 2098 demum,
1037 2014 1226 2084 testantibus
1243 2016 1357 2085 vicinis
1379 2019 1457 2101 suis,
1474 2019 1580 2107 ipsum
1604 2016 1705 2087 hone·

514 2150 600 2199 stum
615 2131 732 2213 virum,
748 2155 808 2199 nec
823 2152 912 2198 more
928 2149 1119 2220 agnatorum
1134 2153 1267 2201 suorum
1282 2155 1426 2224 unquam
1440 2135 1578 2223 partium
1594 2132 1705 2202 studiis

514 2244 669 2326 deditum,
689 2244 901 2316 mediantibus
919 2246 1103 2337 quingentis
1120 2245 1250 2316 florenis
1266 2247 1345 2331 auri,
1361 2247 1464 2318 bonae
1478 2247 1514 2304 (θ)
1525 2247 1629 2318 famae
1646 2249 1704 2317 viri

514 2359 653 2428 donatur
672 2361 746 2429 vita.

580 2475 706 2544 XXXI.
743 2477 868 2546 Interea
880 2498 956 2544 cum
968 2474 1108 2566 undique
1124 2475 1247 2545 deditae
1266 2476 1360 2546 urbes
1374 2493 1468 2567 atque
1484 2476 1600 2567 oppida
1619 2478 1706 2546 festi·

514 2611 626 2661 natum
641 2594 815 2660 exercitum
827 2591 1114 2676 Mediolanensem,
1134 2594 1259 2682 magnis
1271 2591 1481 2684 apparatibus,
1499 2612 1706 2685 sequerentur

513 2730 623 2776 versus
644 2709 864 2778 Cremonense
887 2709 1078 2777 territorium
1102 2731 1169 2778 non
1192 2731 1259 2777 uno
1278 2709 1390 2778 itinere
1413 2726 1628 2799 properantes,
1647 2731 1703 2776 rex

514 2820 599 2889 illico
619 2823 816 2891 Cremonam
834 2821 947 2905 tendit,
971 2822 1103 2890 dimisso
1123 2821 1250 2891 Laudae
1269 2821 1304 2876 (¹)
1326 2821 1446 2891 idoneo
1466 2821 1609 2892 subsidio
1628 2845 1704 2890 suae

512 2937 618 3025 gentis
635 2939 681 3020 (θ),
699 2957 734 3006 ut
757 2938 790 3006 in
813 2937 890 3006 urbe
913 2937 1021 3006 exules
1043 2937 1275 3020 reconciliatos,
1294 2938 1349 3026 qui
1368 2935 1471 3028 longo
1495 2937 1592 3006 exilio
1617 2935 1706 3006 velut
1734 2961 1751 3026 5

513 3052 655 3121 advenae
673 3051 757 3136 facti,
776 3072 890 3121 cuncta
908 3053 1077 3143 pavebant,
1097 3047 1206 3121 mente
1230 3051 1407 3122 confirmet.
1454 3074 1567 3120 verum
1584 3071 1619 3121 ut
1641 3054 1705 3122 sint

514 3169 645 3238 tutiores
668 3169 847 3238 Antonium
871 3167 910 3236 de
933 3168 1080 3257 Fixiraga
1102 3186 1135 3237 et
1155 3169 1324 3258 plerosque
1348 3190 1423 3237 suae
1446 3166 1595 3238 factionis
1618 3169 1705 3257 prin·

514 3283 609 3372 cipes,
628 3283 714 3352 velut
731 3283 791 3352 sibi
816 3305 916 3368 caros,
935 3306 971 3352 ac
990 3282 1125 3352 consilio
1146 3305 1206 3352 suo
1229 3285 1274 3352 uti
1293 3282 1418 3366 voleus,
1437 3281 1569 3351 ubilibet
1592 3303 1704 3350 secum

514 3419 582 3464 esse
602 3395 697 3465 iubet.
744 3396 821 3486 quid
832 3397 937 3486 itaque
951 3395 1133 3465 Cremonae
1142 3413 1251 3465 actum
1264 3396 1305 3464 sit
1320 3394 1476 3463 disseram
1487 3393 1534 3462 (f).
1580 3416 1706 3476 verum,

513 3514 695 3603 priusquam
712 3514 841 3582 ulterius
856 3511 1039 3602 procedam,
1057 3512 1153 3600 ipsius
1169 3511 1304 3580 civitatis
1321 3513 1470 3580 miseram
1485 3509 1705 3579 conditionem
1738 3534 1777 3581 ro

514 3629 621 3716 paucis
641 3626 869 3717 exponendum
887 3645 977 3718 puto.

581 3743 724 3812 XXXII.
770 3743 809 3812 ln
829 3743 1003 3826 Cremona,
1015 3743 1136 3812 cunctis
1155 3739 1322 3812 Gibellinis
1342 3741 1421 3810 olim
1436 3740 1545 3831 pulsis,
1560 3737 1705 3810 Guelfica

515 3859 657 3948 potentia
675 3858 755 3927 adeo
771 3857 945 3948 senueranl
959 3879 994 3927 ut
1013 3881 1116 3927 novae
1135 3875 1249 3947 partes,
1262 3855 1381 3926 invidia
1394 3856 1551 3946 prosperis
1566 3878 1602 3923 rc
1618 3854 1706 3923 laetis

515 3971 608 4040 rebus
627 3990 706 4056 orta,
721 3973 785 4040 iarn
804 3973 954 4042 maximis
973 3971 1054 4042 odiis
1072 3971 1271 4062 pullularent.
1318 3993 1394 4039 nam
1418 3993 1491 4039 cum
1516 3969 1635 4038 multae
1653 3993 1706 4038 su·

569 4197 599 4252 (al
615 4197 656 4242 Bb
670 4195 763 4254 signato,
776 4197 855 4254 laqueo
869 4199 966 4241 carbone
979 4195 1041 4254 pitto
1055 4193 1150 4252 turpiter
1163 4193 1263 4252 pendens
1280 4191 1373 4238 latronis
1386 4205 1457 4244 more,
1471 4203 1554 4236 venunt
1614 4191 1648 4248 (b)
1664 4189 1707 4236 Bb

514 4275 609 4322 ridiculo
677 4277 707 4334 (c)
723 4277 763 4322 Aa
777 4275 912 4332 protrahitur
922 4275 996 4320 locum
1064 4273 1152 4332 (ΜΗ
1165 4271 1266 4330 florenis,
1276 4273 1348 4318 bonae
1413 4273 1443 4328 le)
1459 4268 1618 4316 Bbrubddio
1633 4267 1708 4328 gentis

515 4357 546 4416 (ij
557 4357 600 4404 Bb
613 4367 689 4402 ectum
706 4356 736 4402 ait
750 4356 867 4401 dtueram.
895 4355 993 4402 xxxo.
1023 4355 1048 4400 ln
1067 4353 1179 4400 Cretam

553 4562 596 4630 (1)
615 4559 684 4614 «De
704 4559 796 4614 laude
820 4557 910 4613 audivi
934 4556 1007 4630 quod
1028 4557 1092 4612 Cre·
1136 4575 1151 4606 ι
1163 4554 1245 4621 aliud,
1254 4553 1306 4610 nisi
1314 4553 1535 4627 quodmandavit
1545 4553 1709 4623 Pergamen-

521 4659 620 4697 «mam
639 4643 695 4708 ivit,
713 4657 741 4699 et
765 4643 912 4698 Introduxit
937 4657 1031 4698 secum
1050 4655 1093 4694 ea·
1137 4659 1152 4690 ιι
1163 4637 1327 4710 sibus,quod
1343 4639 1466 4694 venirent
1483 4637 1517 4694 ad
1533 4653 1606 4702 eum,
1619 4647 1647 4692 et
1657 4635 1709 4707 ipsi

519 4747 533 4776 ι
543 4725 645 4799 pulsos,
669 4739 697 4782 et
714 4727 754 4782 eis
771 4726 891 4800 pepercit
908 4725 936 4782 ln
955 4725 1092 4790 omnibus,
1138 4745 1152 4774 α
1162 4737 1228 4778 tunc
1243 4723 1336 4778 venire
1353 4723 1501 4779 noluerunt
1511 4743 1538 4776 a.
1564 4722 1631 4777 Cosl
1643 4719 1708 4774 Nic„

518 4827 597 4866 «nee
612 4809 733 4866 intellexi
747 4811 820 4884 quod
833 4808 935 4883 aliquid
951 4808 988 4864 ibi
998 4807 1093 4864 lecerit
1137 4807 1226 4864 Bora.
1239 4807 1301 4880 899.
