3860 5884
516 567 558 634 88
984 583 1229 639 HISTORIA

515 802 644 872 hciunt.
689 825 828 894 namque
851 804 929 873 dom
942 804 978 860 (·)
992 803 1147 874 fluentem
1170 803 1310 873 rivulum
1332 827 1387 896 per
1413 804 1517 872 media
1546 801 1700 872 Mediola-

515 921 664 988 nensium
690 939 791 988 castra
821 920 950 989 transire
973 922 1065 1012 pauci
1087 922 1155 990 ausi
1181 921 1315 1002 suntsi),
1340 943 1414 988 cum
1438 921 1518 988 circa
1541 918 1652 988 tendas
1667 919 1701 975 (θ

515 1032 628 1102 Mataei
661 1034 867 1102 Vicecomitis
898 1055 972 1125 prae
1005 1057 1039 1102 se
1073 1053 1211 1103 armatos
1242 1051 1400 1104 currentes
1423 1054 1586 1124 utcunque
1608 1035 1701 1123 raptis

515 1151 610 1217 armis
632 1147 817 1239 conglobari
839 1151 990 1232 sentiunt,
1012 1168 1142 1240 pavent,
1160 1171 1201 1218 ne
1223 1152 1250 1219 si
1273 1149 1422 1218 adversae
1441 1148 1590 1218 fortunae
1613 1171 1701 1217 casus

515 1285 571 1333 eos
594 1281 677 1332 retro
706 1262 786 1333 ferre
809 1287 935 1354 gressus
958 1282 1064 1355 cogat,
1086 1266 1183 1354 ipsius
1206 1265 1299 1334 rivuli
1322 1265 1477 1334 lethaliter
1507 1283 1702 1354 occupentur
1727 1283 1762 1352 25

513 1380 546 1446 in
564 1401 669 1469 passu.
715 1381 821 1470 itaque
840 1381 948 1449 multis
966 1380 1105 1470 partibus
1124 1381 1272 1450 incendio
1291 1382 1396 1471 posito
1415 1382 1491 1449 citra
1509 1383 1627 1464 rivum,
1644 1379 1702 1464 his,

514 1496 629 1586 quibus
651 1498 820 1588 negotium
843 1498 1054 1566 commissum
1076 1517 1135 1580 est,
1153 1517 1286 1586 propere
1310 1497 1451 1566 accensis
1474 1495 1595 1566 facibus
1617 1519 1673 1586 per
1694 1494 1703 1586 l

515 1633 630 1680 vacuas
649 1611 797 1701 gentibus
818 1613 971 1680 stationes
994 1612 1240 1681 discurrentibus
1258 1613 1303 1696 (l),
1318 1613 1386 1680 sine
1405 1612 1470 1680 ullo
1493 1633 1628 1680 suorum
1649 1633 1703 1701 pe·

514 1727 613 1795 riculo
645 1727 677 1796 in
708 1726 819 1796 urbem
849 1749 883 1796 se
914 1727 1071 1817 recipiunt
1092 1725 1356 1795 vociferantem«
1382 1727 1523 1817 accipite,
1548 1725 1703 1794 Mediola-

514 1863 642 1925 nenses,
664 1839 761 1931 digna
777 1843 918 1932 praemia
936 1863 1064 1933 pugnae
1076 1861 1213 1926 vestrae3
1234 1864 1391 1930 nusquam
1410 1843 1478 1910 sine
1501 1839 1606 1923 vobis,
1623 1862 1704 1931 quos
1730 1868 1766 1934 30

514 1957 648 2025 minime
663 1957 697 2014 (⁸)
713 1957 922 2041 timebamus,
945 1957 1121 2048 pugnando
1142 1957 1319 2046 periculum
1342 1957 1436 2026 nobis
1458 1955 1579 2024 iactum
1604 1973 1653 2024 est
1672 1981 1702 2023 s.

579 2072 685 2141 XLII.
730 2074 774 2141 At
796 2089 966 2162 postquam
984 2095 1040 2140 rex
1058 2071 1145 2142 videt
1168 2072 1247 2140 nihil
1270 2094 1378 2161 pugna
1400 2070 1521 2161 profici,
1537 2087 1616 2139 tunc
1635 2072 1703 2138 vin·

514 2187 614 2255 dictae
636 2186 704 2254 sola
721 2184 806 2254 fame
828 2185 941 2271 fidens,
960 2188 1042 2255 intra
1064 2189 1193 2256 moenia
1211 2186 1417 2276 amplioribus
1445 2185 1537 2254 fossis
1553 2209 1589 2254 ac
1605 2187 1703 2274 longo

515 2320 588 2369 ante
612 2319 711 2370 castra
733 2301 817 2370 vallo
833 2303 1005 2372 esurientes
1019 2301 1127 2372 hostes
1145 2302 1294 2370 claudens
1308 2301 1353 2385 (ί),
1370 2301 1536 2370 diuturnae
1559 2301 1705 2369 stationis

514 2417 642 2506 signum
665 2416 760 2486 dedit.
808 2417 970 2510 [obsessos
993 2418 1090 2486 etiarn
1114 2417 1201 2486 velot
1227 2417 1336 2485 hostes
1359 2415 1524 2499 iudicatos,
1548 2415 1648 2485 etiam
1679 2415 1704 2482 si

515 2549 603 2600 extra
625 2535 754 2602 moenia
775 2533 859 2602 fame
881 2533 963 2622 pulsi
987 2532 1305 2622 comprehendantur,
1325 2530 1430 2602 necari
1448 2532 1549 2612 iussit,
1573 2529 1705 2622 neserga
1731 2555 1747 2621 5

515 2669 690 2737 pauperum
718 2647 914 2738 reliquorum
941 2650 1103 2717 minuatur
1134 2649 1242 2737 inopia
1265 2647 1327 2739 (⁸).]
1372 2669 1509 2736 cumque
1542 2646 1705 2714 intrinseci

515 2763 694 2833 Brixienses
715 2783 936 2853 quoscumque
956 2781 1108 2832 exeuntes
1131 2763 1215 2831 illico
1235 2761 1273 2830 ab
1291 2761 1436 2830 hostibus
1458 2761 1584 2830 retineri
1609 2780 1704 2850 atque

514 2877 630 2968 laqueo
652 2899 823 2969 suspensos
846 2879 880 2947 in
904 2895 1075 2969 conspectu
1098 2897 1171 2946 ante
1187 2895 1292 2968 portas
1307 2877 1391 2946 urbis
1405 2877 1509 2945 necari
1526 2893 1703 2959 cernerent,

515 3013 582 3060 non
604 3011 713 3061 tamen
736 2993 912 3063 sustinuere
935 2993 1071 3062 famelici
1086 2993 1273 3082 expulsione
1288 2992 1406 3061 inutilis
1421 2991 1520 3082 plebis
1535 2991 1705 3082 minuere!
1774 3035 1779 3050 ·

515 3108 635 3177 famem
646 3109 693 3193 (¹²),
710 3109 770 3178 sibi
785 3111 921 3178 nimium
938 3108 1063 3178 crudele
1082 3128 1177 3200 atque
1189 3109 1401 3177 inhumanum
1415 3109 1522 3176 visum
1537 3127 1595 3176 est.
1642 3108 1704 3176 hoc
1734 3128 1768 3176 ro

514 3225 693 3294 maximum
714 3225 839 3314 pietatis
862 3224 907 3318 [et
931 3223 1102 3316 charitatis]
1126 3224 1256 3314 signum
1285 3225 1458 3292 mutavisse
1481 3245 1552 3292 reor
1575 3241 1703 3292 senten·

515 3338 593 3406 tiam
623 3341 751 3430 superni
782 3339 909 3423 iudicis,
932 3341 987 3428 qui
1020 3339 1186 3407 neminem
1210 3340 1459 3427 compatientem
1481 3339 1597 3427 patitur
1621 3337 1703 3405 male

516 3454 608 3522 mori.
655 3477 731 3524 nam
750 3455 882 3524 demum
903 3478 977 3523 cum
993 3454 1033 3523 ad
1047 3454 1216 3524 declivium
1233 3473 1334 3522 aestas
1348 3453 1441 3534 foret,
1455 3472 1624 3544 superante
1639 3455 1705 3522 iam

515 3570 619 3657 spatio
643 3571 746 3638 noctis
762 3569 859 3652 diem,
876 3571 1038 3659 utriusque
1055 3571 1151 3659 partis
1166 3569 1259 3638 rebus
1279 3568 1492 3638 laborantibus
1514 3589 1547 3638 et
1570 3569 1703 3650 afflictis,

462 3713 465 3718 ·
517 3683 726 3752 mediatorem
759 3683 904 3776 diligeret
931 3683 1082 3753 obsidens
1110 3686 1224 3773 pariter
1246 3703 1277 3752 et
1305 3683 1462 3766 obsessus,
1494 3685 1527 3752 in
1549 3684 1633 3774 regis
1657 3707 1705 3752 ca·
1735 3703 1768 3768 15

516 3817 580 3868 stra
592 3800 622 3855 (ί)
643 3803 812 3890 opportuni
836 3801 957 3869 cunctis
980 3801 1114 3868 veniunt
1142 3799 1312 3868 cardinales
1339 3798 1435 3889 legati
1454 3797 1626 3880 Ostiensis,
1649 3796 1704 3865 Al·

518 3917 665 3984 banensis
687 3933 720 3984 et
738 3917 839 3984 Lucas
863 3914 902 3984 de
925 3914 1073 3998 Fiescho,
1099 3937 1181 4005 quos
1197 3937 1343 3984 summus
1360 3913 1504 4004 pontifex
1528 3912 1705 3982 destinabat

518 4033 669 4114 Romam,
692 4029 745 4098 ubi
778 4051 794 4097 a
827 4032 996 4100 Francisco
1024 4029 1063 4098 de
1091 4029 1306 4119 Campofloris
1335 4027 1482 4096 cardinali
1501 4028 1530 4084 ῦ)
1559 4045 1703 4120 expecta·

572 4241 600 4296 (ι)
614 4239 657 4284 Aa
670 4245 847 4285 munemne
860 4251 911 4284 nsm
925 4239 1036 4297 quendam
1098 4240 1128 4294 (b)
1144 4239 1184 4284 ot
1197 4239 1280 4284 sudent
1346 4239 1375 4294 (c)
1391 4237 1431 4280 ab
1445 4235 1541 4282 tentorii
1616 4234 1649 4291 (dl
1664 4235 1704 4280 Bb

517 4334 610 4381 propere
623 4319 799 4367 discurrentibus
880 4323 909 4378 (e)
923 4320 964 4364 Bb
977 4319 1024 4365 sine
1040 4321 1104 4364 vobis
1118 4319 1209 4366 minime
1222 4319 1355 4364 timebamus
1434 4317 1463 4374 (i)
1478 4317 1518 4362 Bb
1531 4329 1558 4362 sc
1572 4317 1641 4375 longo
1653 4322 1705 4360 snte

518 4411 591 4448 cssnn
606 4403 666 4448 ssllo
674 4401 749 4447 ductis
758 4401 881 4446 esurientes
935 4403 965 4458 (g)
981 4399 1091 4444 l't'ntero
1097 4399 1197 4458 perlodo
1207 4411 1291 4444 musco
1306 4399 1330 4443 r's
1339 4397 1390 4444 Ao.
1443 4397 1474 4452 (lt)
1486 4396 1525 4440 lib
1535 4393 1632 4453 luopisrn
1642 4407 1704 4440 suern

518 4484 548 4539 (i)
562 4483 582 4527 li
595 4481 638 4528 iet
648 4483 760 4534 obsessos.
770 4481 851 4540 quippe
860 4480 883 4526 ln
896 4479 997 4528 exercitu
1007 4479 1107 4540 quotidie
1121 4477 1181 4524 cedit
1194 4479 1274 4524 morbo
1283 4479 1353 4528 rniles.
1368 4486 1390 4524 et
1403 4477 1426 4522 io
1442 4477 1495 4522 urbe
1509 4475 1610 4520 omniunt
1623 4474 1704 4520 crescit

518 4561 600 4619 inopis,
613 4569 635 4608 et
649 4569 752 4608 esternse
759 4561 810 4618 opis
818 4559 927 4606 minuitur
941 4573 1000 4618 spes,
1010 4558 1109 4617 undique
1123 4567 1168 4602 tom
1181 4557 1248 4603 etiarn
1258 4557 1279 4602 in
1290 4559 1344 4603 urbe
1353 4569 1420 4617 qaum
1434 4555 1456 4600 in
1471 4555 1551 4602 cestris
1564 4554 1658 4612 pullulet
1668 4553 1704 4598 llis

518 4641 586 4696 pestis
594 4641 674 4698 morbi,
683 4641 722 4686 sed
731 4639 813 4686 toruus
826 4640 864 4684 nbi
875 4637 1023 4684 Genntnlcus
1036 4637 1099 4684 miles
1113 4637 1192 4690 tendit,
1202 4635 1255 4680 dum
1270 4635 1387 4682 meridiani
1396 4635 1498 4681 durantis
1507 4643 1582 4679 aestus
1592 4645 1663 4691 nque
1676 4631 1703 4674 nd

519 4719 616 4764 medium
629 4721 703 4764 noctis
713 4720 837 4778 impatiens,
849 4719 924 4766 nudus
935 4719 995 4762 omui
1010 4717 1093 4762 reiecto
1108 4717 1217 4761 velamine
1226 4715 1346 4762 metutinas
1356 4729 1422 4760 auras
1432 4713 1519 4772 recipit,
1535 4725 1592 4770 qous
1601 4711 1668 4770 gelidl
1678 4721 1703 4754 sc

519 4799 593 4844 nivosi
606 4807 693 4846 montes
707 4801 779 4846 Vtilis
791 4799 927 4846 Camonicse
941 4799 977 4844 ills
991 4799 1045 4844 hors
1065 4797 1167 4854 perllsnt,
1180 4795 1231 4841 inde
1244 4795 1332 4840 lnitlurn
1346 4795 1419 4841 morbi
1435 4793 1505 4840 inisse
1520 4793 1602 4838 ierunt
1630 4791 1703 4848 ltaque

520 4881 542 4924 in
557 4879 617 4938 regis
630 4887 703 4926 csstts
757 4881 783 4938 lll
799 4881 838 4926 Bb
856 4879 956 4926 sinullter
970 4879 1077 4924 sardinus
