3874 5886
476 531 620 588 XXXVIII
916 534 955 588 L.
983 534 1026 589 Α.
1054 531 1234 589 FERRAI

1322 661 1661 688 --—---—-r·

477 817 530 862 ster
548 808 647 862 lanuae
666 823 773 861 moram
791 820 844 862 tra-
880 821 939 862 rarn
972 808 1062 874 trahit,
1095 808 1168 862 bona
1197 807 1250 862 fide
1285 807 1386 861 lanuac
1422 821 1530 860 moram
1567 805 1665 870 trahit,

476 905 845 978 hit,simpliclterambulaus,
881 919 1251 979 pacemappetenscumrege
1288 903 1445 978 simpliciter
1464 904 1614 970 ambulans,
1639 917 1667 960 et

477 1014 505 1060 et
522 1005 594 1058 bona
613 1001 665 1058 fide
684 1019 780 1075 pacem
798 1019 844 1074 ap
880 1003 1000 1060 Roberto
1024 1019 1107 1078 quarn
1132 1003 1251 1060 totaliter
1285 1005 1357 1058 bona
1368 1002 1421 1058 fide
1430 1019 1527 1076 pacem
1535 1013 1667 1076 appetens

477 1099 845 1174 petenscumrcgellobeno‚
882 1117 1005 1157 summus
1041 1099 1161 1174 pontifex
1193 1101 1251 1158 fieri
1288 1117 1350 1156 cum
1382 1115 1446 1172 rege
1474 1099 1603 1166 Roberto,
1631 1101 1665 1156 ad

477 1201 510 1254 ad
534 1213 616 1270 quarn
647 1200 845 1270 procurandam
882 1202 1051 1272 procurabat
1088 1201 1135 1256 sed
1151 1200 1252 1255 Rober·
1287 1215 1369 1271 quam
1383 1199 1581 1271 procurandam
1594 1213 1666 1254 surn-

477 1296 844 1371 sunrrnuspontifexoperam
881 1309 925 1354 tus
949 1315 996 1352 rex
1014 1298 1109 1354 videns
1128 1297 1201 1370 quod
1225 1297 1253 1350 in
1289 1311 1350 1351 mus
1391 1293 1513 1367 pontifex
1554 1309 1665 1366 operam

477 1409 554 1448 suant
582 1394 670 1460 dabat,
689 1395 754 1448 durn
778 1395 846 1449 tanti
883 1394 1046 1449 Lombardia
1056 1405 1151 1450 contra
1161 1391 1254 1448 factio
1289 1407 1368 1448 suam
1395 1392 1484 1458 dabat,
1510 1391 1576 1446 dum
1600 1391 1667 1446 tanti

478 1493 634 1550 mediatoris
653 1510 736 1567 opera
752 1507 779 1550 et
804 1511 848 1549 au·
883 1511 947 1550 nem
961 1509 1026 1550 suae
1040 1493 1179 1552 Guelficae
1194 1510 1254 1565 par·
1290 1491 1448 1547 mediatoris
1472 1505 1555 1564 opera
1574 1501 1602 1546 ct
1619 1503 1665 1546 au-

477 1591 606 1645 thoritate
621 1591 741 1658 confidit,
756 1591 845 1662 ipsum
881 1593 915 1645 tis
934 1590 1064 1646 adventus
1083 1589 1193 1645 lltnrici
1211 1605 1252 1644 re·
1289 1587 1413 1644 ctoritate
1438 1585 1559 1654 confidit,
1578 1589 1666 1658 ipsum

419 1757 421 1759 Ι
478 1703 570 1759 regern
594 1687 753 1753 lichenum,
779 1688 848 1743 sicut
885 1687 926 1760 gis
944 1689 1057 1743 nocivus
1076 1699 1142 1754 erat,
1161 1689 1206 1760 qui
1230 1687 1256 1741 ei
1291 1701 1384 1758 regem
1411 1685 1571 1752 Robertum,
1598 1683 1667 1738 sicut

477 1783 533 1838 iam
557 1782 635 1851 alios,
654 1785 687 1838 ad
713 1784 847 1839 solemnia
882 1784 951 1838 nihil
987 1782 1132 1856 profuerat,
1169 1799 1252 1838 onrne
1289 1785 1344 1838 iarn
1372 1781 1449 1848 alios,
1477 1781 1511 1836 ad
1533 1781 1666 1836 solemnia

478 1881 691 1937 consecrationis
704 1898 769 1937 snae
783 1881 847 1936 ami·
883 1882 1041 1936 mandatum
1066 1881 1114 1936 sibi
1133 1881 1166 1936 de
1185 1897 1252 1954 pace
1289 1879 1475 1936 coronationis
1487 1895 1553 1934 suae
1568 1880 1668 1932 amica·

478 1977 600 2032 cabiliter
626 1977 782 2044 constravit,
807 1991 848 2032 su·
883 1995 930 2050 per
943 1995 1080 2032 summurn
1094 1977 1251 2049 pontificem
1287 1977 1377 2032 biliter
1391 1975 1548 2042 comitavit,
1568 1989 1665 2030 cmcm

477 2075 577 2130 scitans
596 2091 693 2130 canem
712 2076 847 2131 dormien·
883 2075 989 2130 occulte
1008 2074 1117 2147 sprevit,
1132 2075 1195 2148 quia
1210 2075 1252 2130 Io-
1287 2075 1420 2130 suscitans
1472 2074 1663 2130 dormientem.

477 2179 541 2222 tem.
571 2167 846 2235 narnRobertusiste‚
883 2171 1003 2225 hannem
1027 2169 1137 2226 fratrem
1163 2188 1253 2238 suum,
1289 2170 1667 2236 namRobertnsistmuscc-

477 2263 609 2335 susceptis
620 2262 705 2319 literis
719 2264 848 2335 registro·
883 2265 1253 2338 quempromiscrathonoris
1288 2265 1340 2339 ptis
1365 2265 1450 2321 literis
1472 2265 1544 2336 regit
1570 2263 1666 2330 notul,

478 2360 533 2424 sul,
551 2358 635 2429 ipsius
659 2373 801 2415 successus
818 2361 847 2415 in
883 2377 966 2416 causa
981 2363 1013 2418 ad
1027 2362 1251 2418 eiuscoronatio·
1288 2363 1372 2436 ipslus
1386 2375 1528 2418 successus
1543 2359 1570 2416 in
1586 2359 1667 2416 Lom-

478 2455 847 2530 Lombardianimiumaegrc
883 2475 946 2514 nern
966 2459 1072 2514 Rornae
1090 2461 1116 2516 ei
1134 2459 1193 2517 fore
1211 2461 1253 2515 hi·
1288 2459 1382 2514 bardis
1399 2461 1516 2514 nimium
1530 2470 1611 2531 aegre
1629 2455 1666 2512 fc·

478 2552 575 2619 ferens,
594 2568 626 2606 ac
653 2553 747 2608 ridens
775 2554 847 2626 quod
884 2553 969 2610 larern
993 2557 1021 2610 in
1048 2571 1203 2626 occursum,
1221 2557 1253 2611 ad
1290 2574 1361 2624 rens,
1374 2553 1666 2628 acvidensquodnihii

478 2647 528 2702 sibi
547 2647 613 2702 nihil
633 2647 790 2720 profuerant
817 2651 845 2705 iu
881 2651 1087 2724 impediendum
1104 2653 1193 2726 ipsum
1212 2669 1252 2708 rc·
1289 2653 1340 2707 sibi
1365 2653 1523 2725 profuerant
1540 2653 1568 2707 in
1584 2651 1667 2707 Lom-

481 2743 643 2800 lombardia
655 2747 726 2801 iacta
741 2747 848 2802 seditio
883 2765 946 2820 gem
965 2765 1029 2804 curn
1047 2763 1138 2806 ,cccc
1157 2749 1252 2823 equiti·
1288 2746 1380 2804 bardis
1393 2749 1464 2805 iacta
1473 2749 1666 2805 secreuisse

480 2843 522 2898 uis
552 2846 655 2900 semina
692 2857 737 2900 aut
768 2847 848 2902 ullius
883 2848 932 2902 bus
966 2847 1117 2914 destinarit,
1148 2859 1175 2902 et
1207 2861 1256 2920 per
1291 2847 1366 2902 mlna
1402 2859 1449 2901 aut
1479 2845 1559 2902 ullius
1584 2844 1667 2900 Guel-

481 2942 848 3017 Guelficaefactinnisopera,
884 2957 1008 3018 potentes
1027 2945 1169 3002 Romanos
1184 2961 1255 3019 spar-
1291 2946 1388 3018 phicae
1417 2943 1542 3000 factionis
1575 2959 1667 3016 opera,

480 3042 545 3113 quin
553 3041 697 3116 ille,quent
705 3044 766 3100 solo
776 3045 849 3110 odio,
885 3061 949 3116 gere
967 3043 1039 3099 fecit
1291 3045 1355 3118 quin
1365 3043 1420 3109 ille,
1430 3059 1512 3116 quem
1522 3043 1583 3098 solo
1593 3043 1667 3108 odio,

480 3141 554 3212 quod
568 3142 596 3195 in
611 3159 674 3196 curn
685 3142 793 3198 occulte
805 3159 849 3215 ge·

480 3240 521 3304 rit,
555 3239 665 3294 esnmat
698 3241 848 3308 inimicum,

480 3337 535 3390 iarn
550 3354 634 3409 prope
644 3339 679 3392 sit
696 3349 725 3392 ut
738 3355 849 3392 autenm

480 3431 605 3487 diadema
614 3434 751 3505 suscipiar,
762 3433 795 3488 ad
805 3435 852 3487 iru-

481 3530 644 3601 pediendum
671 3531 753 3603 ipsius
778 3533 848 3602 regis

480 3627 565 3684 nostri
590 3629 769 3700 propositum,
793 3628 848 3684 Ro·

481 3739 556 3778 manr
574 3721 649 3779 illico
668 3724 783 3779 destinat
807 3725 849 3780 lo·

481 3817 601 3874 hannem
631 3817 740 3874 fratrern
769 3837 848 3875 suum

481 3935 543 3972 cum
563 3931 679 3990 quatuor
697 3931 806 3974 centurn
822 3935 849 3974 c·

481 4015 607 4089 quiribus,
624 4014 693 4070 falso
709 4029 800 4070 tamen
813 4028 849 4070 te·

481 4113 751 4188 stificansregi,quod
761 4117 850 4187 ipsum

481 4213 596 4268 destinat
610 4213 644 4268 ad
659 4212 792 4268 solemnia
806 4231 849 4268 co-

480 4309 629 4364 ronationis
648 4327 721 4376 suae,
736 4325 799 4364 cum
815 4311 848 4364 ad

480 4405 516 4468 id,
535 4419 563 4459 ut
590 4405 766 4472 desiderabat,
789 4423 847 4479 per·

479 4503 608 4558 sonaliter
634 4503 763 4559 interesse
791 4519 846 4558 non

479 4611 578 4672 posset

1289 3143 1362 3215 quod
1378 3142 1406 3196 in
1421 3156 1485 3197 cunr
1501 3141 1608 3196 occulte
1623 3157 1668 3212 gc·

1288 3241 1330 3307 rit,
1337 3239 1666 3304 estimatinimicum,iam

1291 3353 1375 3410 prope
1393 3337 1427 3392 sit
1443 3347 1471 3392 ut
1486 3351 1598 3392 aureum
1614 3335 1667 3390 dia·

1293 3433 1373 3488 derna
1401 3433 1537 3506 suscipiat,
1560 3433 1593 3488 ad
1619 3431 1668 3486 im·

1235 3605 1244 3622 ι
1289 3531 1453 3604 pediendum
1483 3531 1568 3604 ipsius
1596 3529 1667 3602 regis

1289 3629 1375 3684 nostri
1402 3627 1581 3702 propositum,
1606 3628 1665 3682 Ro·

1290 3723 1667 3780 mantillicodestinatlnhan·

1288 3837 1353 3876 nem
1374 3821 1485 3876 fratrent
1503 3836 1585 3876 suurn
1603 3835 1666 3875 cunr

1290 3917 1667 3992 quatuorcentumequitibus,

1288 4015 1357 4071 falso
1368 4029 1459 4072 tamen
1469 4015 1616 4070 testificans
1629 4031 1667 4069 re

1290 4115 1326 4186 gi,
1344 4115 1418 4188 quod
1439 4117 1528 4186 ipsum
1551 4113 1667 4168 destinat

1291 4211 1324 4266 ad
1339 4212 1473 4268 solemnia
1483 4211 1667 4266 coronationis

1289 4325 1362 4378 snae,
1382 4325 1445 4362 cum
1471 4307 1555 4374 adid,
1574 4319 1603 4360 ut
1621 4307 1666 4361 de·

1288 4405 1430 4470 siderabat,
1440 4401 1617 4476 personaliter
1629 4402 1668 4457 iu·

1286 4513 1386 4558 teresse
1406 4519 1462 4558 non
1481 4511 1580 4574 posset.
