3860 5884
503 565 547 633 74
976 557 1223 614 ursionis

345 819 366 852 c.
383 819 451 866 μμ
505 783 644 851 blatteus
666 779 868 862 Vicecomes,
896 777 951 869 qui
973 801 1075 868 usque
1098 777 1139 846 ad
1160 777 1170 870 l
1192 801 1267 846 eum
1290 777 1376 847 diem
1400 779 1529 848 caeteris
1551 752 1694 869 tyrarinis

504 899 634 991 propior
647 897 682 954 (⁸)
704 897 772 986 regi
794 914 928 979 rexerat,
943 897 1065 964 cunctis
1088 893 1153 964 fere
1169 894 1349 985 Liguribus,
1372 918 1511 986 qnorum
1526 897 1695 988 plerosque

505 1012 653 1081 maximis
673 1010 833 1080 beneficiis
848 1010 989 1100 placasse
1005 1008 1165 1094 debuerat,
1180 1011 1277 1078 etiam
1292 1008 1475 1080 domesticis
1492 1029 1523 1080 et
1538 1013 1694 1100 proximis

505 1128 581 1210 suis,
604 1146 685 1216 quos
709 1123 859 1192 maximis
875 1122 1014 1213 explerat
1037 1122 1166 1204 divitiis,
1188 1141 1318 1204 temere,
1342 1122 1483 1192 sednon
1507 1125 1639 1214 impune
1661 1125 1695 1193 id

505 1240 756 1334 procurantibus,
781 1239 916 1309 Melzico
940 1261 1054 1329 campo
1081 1236 1243 1322 confusus,
1267 1237 1356 1308 nullo
1380 1257 1481 1308 marte
1508 1241 1696 1324 commisso,
1722 1260 1766 1329 40

507 1381 564 1428 sua
585 1357 694 1425 nescio
718 1357 832 1424 virtute
855 1377 896 1422 an
918 1355 1057 1444 ignavia,
1076 1354 1144 1422 sine
1167 1353 1233 1422 ullo
1256 1375 1389 1424 suorum
1408 1356 1550 1438 vulnere,
1572 1357 1697 1446 integer

507 1494 609 1562 regno
622 1471 715 1541 cessit
729 1471 774 1538 (l).
810 1487 841 1538 et
851 1469 1008 1538 Turriana
1024 1468 1140 1538 domus
1151 1468 1248 1554 illico,
1257 1467 1386 1539 fortuna
1396 1470 1536 1554 volente,
1551 1471 1591 1540 de
1603 1471 1696 1540 exule

508 1587 590 1656 facta
613 1585 701 1668 civis,
719 1583 949 1654 Ambrosianae
967 1583 1052 1652 urbis
1075 1582 1254 1652 dominium
1278 1586 1398 1674 accepit
1415 1583 1462 1668 (ι),
1481 1585 1581 1668 ocius,
1599 1607 1697 1676 quam

510 1700 707 1792 opinabatur,
718 1698 814 1789 ipsius
829 1697 978 1767 novitatis
990 1695 1123 1767 stolidus
1139 1715 1248 1766 auctor
1259 1699 1371 1767 Petrus
1380 1699 1570 1768 Vicecomes
1583 1717 1614 1767 et
1628 1721 1696 1766 tna-

509 1839 573 1907 gna
592 1838 662 1905 pars
677 1813 833 1883 nobilium
849 1812 972 1882 aemula
989 1812 1102 1902 suique
1117 1811 1194 1880 boni
1213 1813 1390 1903 impatiens.
1437 1837 1550 1882 verum
1564 1816 1649 1884 iusto
1662 1815 1698 1872 (⁸)
1715 1823 1765 1902 '45

510 1957 546 2000 ac
565 1932 676 2000 divino
695 1929 812 2000 indicio
832 1928 982 1998 accidisse
995 1951 1078 2012 reor,
1097 1928 1185 2020 quod
1199 1929 1233 1986 (θ)
1247 1929 1362 1998 stolida
1375 1929 1531 2000 nobilium
1543 1954 1615 2020 pars
1628 1933 1699 2000 Me·

511 2045 630 2115 diolani
649 2045 736 2114 hunc
753 2044 957 2114 temerarium
970 2061 1086 2114 ,secuta
1108 2042 1235 2126 ducem,
1254 2043 1338 2113 illico
1357 2043 1445 2135 quod
1462 2045 1471 2136 l
1489 2063 1628 2134 gesserat
1649 2069 1699 2114 re-

512 2161 668 2252 cognovit
685 2183 744 2230 suo
762 2158 884 2228 damno
893 2159 938 2241 (f),
953 2181 1103 2250 quorum,
1119 2177 1192 2250 post
1205 2159 1285 2228 tanti
1299 2161 1446 2251 principis
1464 2158 1699 2250 depositionem

511 2279 646 2368 quisque
668 2299 810 2366 regnare,
830 2293 885 2344 aut
907 2299 982 2344 cum
1006 2277 1146 2344 maxima
1167 2275 1284 2345 laetitia
1306 2275 1512 2366 regnantibus
1531 2275 1699 2345 adhaerere

513 2391 659 2462 credebat
676 2391 720 2457 (ε).
767 2391 810 2474 hi,
818 2408 989 2481 postquam
1008 2388 1135 2460 delusos
1155 2412 1191 2458 ac
1210 2413 1266 2459 sua
1285 2413 1382 2482 opera
1396 2392 1432 2447 θ’)
1450 2389 1613 2461 frustratos
1631 2413 1700 2459 sese
1728 2408 1771 2474 50

514 2506 667 2590 viderant,
692 2525 803 2575 contra
825 2507 1017 2576 Turrianam
1041 2505 1188 2590 domum,
1211 2525 1246 2576 ut
1267 2505 1313 2590 fit,
1334 2505 1374 2575 ad
1395 2530 1429 2575 se
1452 2506 1630 2592 redeuntes,
1655 2529 1702 2576 se·

514 2621 620 2692 cundo
648 2623 827 2712 conspirare
853 2639 1037 2712 coeperunt.
1083 2639 1193 2689 contra
1223 2645 1301 2691 vero
1327 2621 1488 2706 Turriani‚
1508 2641 1543 2692 ut
1568 2643 1701 2713 perpen-

514 2736 627 2806 derunt
653 2759 728 2805 suae
753 2735 899 2804 factionis
928 2737 1020 2819 vires,
1040 2753 1075 2804 ut
1100 2737 1149 2806 sui
1177 2737 1297 2827 antiqui
1326 2738 1425 2806 moris
1451 2755 1527 2821 erat,
1547 2739 1701 2807 inunum

513 2849 636 2920 trabere
658 2851 696 2933 ll),
712 2873 748 2920 ac
767 2848 934 2918 fortificare
950 2861 1133 2940 coeperunt.
1179 2869 1255 2920 tunc
1268 2852 1385 2942 itaque,
1391 2851 1590 2921 roborandae
1607 2847 1702 2921 Guel-

514 2966 594 3035 ficae
607 2967 702 3058 partis
717 2988 821 3046 causa,
833 2965 974 3056 praefato
987 2965 1161 3036 Guillelmo
1177 2967 1391 3036 Cavalcabovi
1411 2987 1443 3036 et
1458 2969 1589 3036 caeteris
1604 2969 1702 3057 ipsius
1730 2983 1747 3048 5
1753 2981 1769 3048 5

515 3083 595 3150 altae
624 3100 657 3150 et
685 3081 910 3171 magnanimae
936 3082 1040 3170 stirpis
1058 3081 1105 3165 (l),
1123 3099 1159 3150 ut
1183 3101 1272 3170 puto,
1292 3081 1451 3151 Guidonis
1477 3082 1517 3152 de
1543 3083 1573 3151 la
1598 3083 1704 3152 Turre

515 3220 622 3288 opera,
634 3219 672 3266 ea
690 3196 832 3267 conditio
851 3197 886 3253 (¹)
903 3197 993 3288 legis,
1013 3196 1052 3266 de
1076 3220 1138 3286 qua
1160 3220 1254 3287 supra
1272 3197 1420 3282 diximus,
1438 3201 1618 3270 Cremonae
1630 3198 1704 3268 sub·

515 3310 577 3378 lata
592 3328 649 3393 est,
665 3308 752 3399 quod
767 3309 865 3399 ipsius
881 3309 1025 3390 civitatis,
1042 3309 1182 3377 maxime
1202 3309 1365 3378 Guelficae
1385 3311 1492 3400 partis,
1505 3313 1703 3402 perniciosae

517 3423 612 3494 cladis
632 3445 725 3492 causa
742 3423 811 3492 fuit.
845 3423 898 3491 hic
913 3423 1104 3492 Guillelmus
1119 3423 1329 3507 Cavalcabos,
1340 3425 1350 3515 l
1361 3424 1415 3495 ubi
1429 3427 1513 3516 regis
1529 3426 1703 3495 adventum

516 3539 657 3629 percipit,
676 3559 800 3622 eorum,
819 3561 900 3628 quae
929 3561 1003 3606 cum
1031 3537 1182 3608 Guidone
1207 3537 1247 3606 de
1276 3539 1306 3608 la
1333 3540 1437 3609 Turre
1461 3563 1536 3609 eum
1556 3559 1705 3611 tractasse
1733 3540 1775 3604 60

518 3671 629 3722 contra
641 3677 752 3744 regem
759 3653 789 3709 (Ι)
811 3653 955 3736 creditur,
969 3653 1157 3723 intrinsecus
1169 3656 1363 3724 conscientia
1377 3679 1472 3724 saeva
1483 3675 1595 3738 tactus,
1608 3679 1644 3725 ac
1656 3655 1705 3748 (in

518 3769 571 3862 se)
590 3791 650 3838 suo
673 3767 784 3838 odium
799 3771 883 3858 regis
897 3769 940 3825 θ’)
958 3771 1105 3852 metiens,
1124 3771 1228 3861 ipsum
1248 3789 1414 3863 expectare
1430 3794 1497 3840 non
1516 3771 1647 3855 audens,
1665 3795 1706 3841 ex

520 3883 597 3954 urbe
610 3882 761 3975 profugit,
776 3885 864 3954 cuius
876 3883 986 3975 fugam
998 3883 1146 3974 frequens
1161 3886 1252 3956 turba
1266 3888 1417 3978 sequitur,
1433 3909 1509 3956 suae
1521 3905 1625 3956 sectae
1641 3905 1707 3956 sto·

520 3997 602 4068 lidae
624 3997 803 4096 rebellionis
826 4021 863 4068 ac
884 4001 1003 4090 patriae
1022 4023 1098 4070 suae
1116 4003 1213 4072 totius
1232 4023 1328 4071 causa
1345 4001 1423 4070 mali
1441 4001 1486 4069 (¹).

587 4115 747 4183 XXXIII.
793 4117 838 4184 At
867 4115 1063 4205 Supremons
1086 4139 1159 4187 curn
1182 4117 1338 4208 plerisque
1361 4115 1564 4207 magnatibus
1587 4134 1619 4184 et
1642 4138 1709 4186 ma·

576 4285 606 4340 lt)
622 4283 665 4329 Bb
677 4283 772 4328 caeteris
783 4281 886 4340 proprior
895 4285 956 4330 Mur.
965 4295 1069 4330 comme
1076 4283 1167 4341 propior
1222 4285 1252 4342 (b)
1262 4285 1311 4330 coel
1321 4285 1347 4330 In
1360 4284 1402 4331 Aa
1415 4285 1491 4341 eBb5
1504 4286 1567 4331 Mur.
1577 4287 1710 4344 reproeerslt

523 4365 554 4420 (c)
570 4363 680 4422 Recepit
733 4363 765 4420 (d)
780 4363 819 4410 et
833 4363 950 4422 Impatiens
959 4361 1221 4420 tontreemluatoee
1235 4363 1312 4409 dono
1377 4367 1406 4422 (e)
1423 4367 1538 4422 Bomos,
1553 4375 1578 4412 ut
1592 4375 1614 4412 et
1628 4367 1710 4414 stolide

522 4443 1112 4503 (ttaeemqeotreeoguoeeereteeoeenno
1153 4443 1370 4502 (slecredebent
1411 4447 1549 4506 (hlflbrpe
1586 4447 1708 4505 (Iletia

523 4520 733 4566 mammutium
786 4519 1031 4578 (jJBbeltaettirpls
1084 4521 1406 4579 (ttntopenmmneiuo
1451 4524 1712 4582 (lilibeumu‘eetarse

523 4599 623 4646 credtur
677 4599 1014 4659 tm)BblureodIumregls

559 4739 1097 4815 (1)Pertuttoquestocapitoloeeamiut
1141 4741 1302 4811 cremonesI,
1326 4743 1372 4816 piu
1399 4743 1637 4818 particolarmeute
1667 4745 1712 4801 del

525 4823 551 4878 le
563 4823 695 4880 concordi
703 4825 910 4882 testimonianze
920 4825 994 4900 degli
1003 4825 1097 4884 storici
1142 4827 1255 4894 Caluo,
1265 4825 1376 4902 nell'op.
1391 4828 1445 4898 cit,
1459 4846 1485 4901 p.
1500 4827 1536 4896 64
1547 4845 1563 4884 e
1573 4845 1641 4904 sgg,
1654 4847 1669 4886 e
1684 4829 1711 4886 di
