3860 5884
481 511 524 582 68
950 525 1199 583 ursronta

482 746 622 816 liliorum
640 769 773 815 snorum
792 769 912 829 casum,
928 769 1019 836 quos,
1039 747 1067 815 si
1082 769 1158 816 vera
1175 743 1264 814 fateri
1281 745 1442 828 volumus,
1451 767 1519 813 non
1532 767 1599 828 rex,
1613 745 1669 814 sed
1692 745 1765 828 ,280

483 883 541 930 sua
558 861 717 928 temeritas
736 860 856 950 expulit
869 859 945 930 urbe
963 883 1030 942 sna,
1045 879 1165 928 temere
1180 857 1358 928 rebellionis
1373 879 1460 928 arma
1474 861 1669 950 sumpsimus

485 993 593 1043 contra
615 997 725 1064 regem
736 973 745 1066 fl
756 997 847 1042 more
866 974 959 1044 catuli
978 974 1107 1066 alonge
1125 974 1266 1042 latrantis
1289 972 1329 1042 ad
1344 996 1467 1063 aprum,
1481 997 1579 1064 quem
1598 973 1670 1041 solo

481 1091 578 1160 sentit
597 1090 696 1159 odore
714 1109 747 1160 et
764 1089 948 1159 venientem
962 1108 1129 1180 expectare
1144 1113 1211 1160 non
1227 1087 1332 1158 audet.
1379 1088 1492 1158 deinde
1516 1108 1589 1180 post
1603 1108 1669 1158 tam

479 1207 628 1276 stolidam
647 1207 812 1279 audaciam
826 1225 976 1291 vestram,
992 1207 1090 1291 tarde,
1106 1225 1139 1276 et
1152 1207 1233 1276 forte
1247 1205 1371 1290 frustra,
1388 1206 1449 1275 nisi
1468 1205 1669 1274 invenissetis

480 1323 599 1393 amicos
628 1341 815 1413 quaerentes
843 1323 1015 1392 consilium
1039 1321 1132 1391 rebus
1159 1323 1283 1405 vestris,
1310 1321 1492 1390 examinare
1523 1320 1670 1389 voluistis
1697 1317 1761 1401 285

479 1435 556 1527 quid
575 1439 656 1506 intra
675 1437 804 1504 moenia
822 1437 926 1504 victus
945 1455 1011 1506 erat
1030 1457 1061 1506 et
1090 1433 1222 1506 aliarum
1240 1458 1359 1519 return,
1384 1458 1465 1525 quae
1484 1435 1613 1504 hostem
1636 1435 1670 1504 in

479 1553 615 1622 statione
634 1551 811 1620 minantem
829 1551 942 1620 timere
965 1551 1099 1620 minime
1117 1553 1295 1642 patiuntur3
1318 1573 1455 1640 quarum
1473 1573 1581 1620 rerum
1599 1571 1670 1617 mo-

479 1668 588 1736 dicum
605 1667 792 1750 invenistis3
811 1689 876 1757 qno
895 1667 1004 1750 territi,
1023 1665 1064 1736 ad
1083 1667 1198 1735 iratum
1216 1665 1310 1735 nobis
1328 1689 1438 1755 regem
1453 1687 1513 1734 nos
1532 1667 1668 1734 nuncios

479 1781 669 1863 destinastis,
681 1779 839 1871 purgandi
850 1781 990 1848 criminis
1002 1803 1106 1849 causa.
1138 1780 1314 1871 pericnlum
1327 1799 1418 1850 caute
1430 1778 1669 1870 indignationis,

482 1899 623 1965 maximo
643 1919 718 1965 curn
732 1918 863 1986 pavore,
881 1895 1069 1978 subivimus,
1086 1915 1118 1965 et
1132 1897 1225 1964 amici
1240 1898 1339 1967 nostri
1355 1897 1479 1966 comitis
1494 1894 1670 1965 Sabaudiae
1698 1917 1763 1983 290

480 2014 631 2082 comitiva
646 2011 728 2094 freti,
746 2013 862 2080 iratum
881 2011 965 2102 regis
983 2012 1109 2080 vultum
1132 2011 1281 2096 vidimus,
1298 2032 1331 2082 et
1344 2036 1408 2082 una
1428 2037 1501 2083 cum
1515 2030 1606 2082 tanto
1621 2013 1669 2082 in·

479 2147 651 2196 tercessore
669 2128 796 2194 veniam
815 2143 953 2209 orantes,
977 2127 1090 2196 fnrstra
1107 2127 1187 2196 irato
1205 2129 1337 2219 principi
1360 2128 1534 2198 obtulimus
1558 2127 1670 2198 urbem

481 2263 513 2312 et
523 2241 607 2312 urbis
619 2243 704 2311 iura:
715 2241 724 2332 Ι
736 2241 798 2324 ille,
810 2242 986 2332 praesentia
1000 2261 1107 2311 nostra
1125 2242 1277 2326 offensus,
1292 2244 1395 2312 immo
1415 2267 1454 2312 eo
1471 2243 1545 2312 loco
1560 2242 1669 2334 pulsus

480 2355 735 2446 indignationem
750 2379 881 2446 augens,
890 2376 985 2424 torvo
997 2356 1087 2426 vultu
1101 2355 1188 2425 vadit
1199 2357 1447 2428 immurmurans
1460 2379 1555 2426 saeva
1565 2356 1669 2425 nobis.

481 2474 597 2562 itaque,
616 2471 695 2540 dum
711 2473 746 2540 in
765 2491 854 2540 tanto
878 2494 913 2540 ac
935 2490 1001 2540 tam
1024 2473 1103 2540 tristi
1122 2471 1303 2542 discrimine
1322 2472 1513 2556 laboramus,
1536 2490 1569 2540 et
1591 2471 1669 2540 dnm
1699 2490 1762 2558 295

481 2589 613 2678 quisque
639 2605 784 2657 nostrum
810 2611 879 2656 sese
907 2605 1031 2678 reputat
1052 2589 1086 2656 in
1109 2607 1270 2657 extremae
1292 2588 1376 2658 vitae
1399 2589 1508 2670 situm,
1530 2585 1669 2668 fortuna,

481 2723 563 2791 qnae
579 2725 640 2769 nec
662 2723 788 2790 semper
810 2702 946 2770 miseros
968 2700 1093 2792 linquit,
1113 2701 1242 2792 paulum
1266 2703 1406 2792 aspirans
1431 2701 1534 2783 nobis,
1559 2702 1599 2770 ad
1621 2724 1669 2770 re·

481 2816 576 2906 ginae
595 2837 754 2882 cameram
777 2813 882 2904 dirigit
900 2837 1026 2904 gressus
1048 2816 1142 2906 regis,
1166 2839 1242 2906 quo,
1265 2840 1320 2907 per
1344 2817 1483 2885 amicum
1502 2815 1594 2884 nobis
1615 2839 1669 2884 co·

481 2931 594 2998 mitem
614 2926 796 3010 introducti,
823 2929 937 2998 iterum
961 2930 1160 2998 miseriarum
1184 2953 1219 2998 ac
1249 2929 1459 3019 lacrymarum
1485 2929 1571 3019 pleni
1597 2926 1670 2998 fun·

482 3045 587 3114 dimur
620 3063 693 3114 ante
718 3044 814 3135 pedes
837 3046 932 3134 regis,
956 3044 1009 3112 nbi
1034 3044 1123 3127 dnm,
1146 3069 1237 3114 more
1259 3068 1331 3128 sno,
1354 3069 1412 3135 pto
1435 3044 1528 3114 nobis
1551 3045 1672 3135 spargit
1702 3066 1767 3132 300

481 3183 590 3252 preces
602 3184 722 3244 comes,
742 3163 851 3250 regina
866 3161 1005 3231 clemens
1019 3181 1052 3231 et
1065 3185 1192 3252 semper
1207 3162 1268 3252 pia,
1282 3163 1425 3244 miseros,
1438 3159 1548 3230 sedula
1566 3185 1671 3252 prece,

482 3275 630 3365 suscepit,
648 3291 680 3342 et
698 3275 818 3344 relevat
837 3276 987 3344 miseram
1006 3297 1043 3343 ac
1060 3297 1158 3364 prope
1176 3274 1332 3366 perditam
1361 3298 1489 3344 causam
1516 3295 1672 3346 nostram.

483 3408 625 3458 attamen
642 3411 697 3458 rex
715 3390 836 3479 primus
855 3391 964 3480 gravia
980 3409 1011 3458 et
1021 3391 1160 3459 nimium
1177 3389 1336 3459 horrenda
1354 3389 1447 3459 nobis
1475 3390 1572 3462 verba
1586 3391 1672 3474 iacit,

484 3521 516 3571 et
533 3503 621 3572 velut
644 3501 759 3596 nobisl
775 3505 964 3594 increpitans
977 3503 1023 3586 (⁸),
1042 3503 1098 3572 sed
1115 3503 1227 3574 fortius
1242 3507 1385 3574 Antonio
1402 3505 1441 3574 de
1462 3505 1610 3595 Fixiraga
1624 3507 1673 3576 in·

485 3619 681 3690 constantiae
700 3619 821 3688 crimen
840 3619 985 3710 imputat.
1030 3617 1145 3689 deinde
1167 3643 1308 3702 serenus,
1332 3643 1368 3688 ac
1391 3620 1497 3690 subito
1519 3621 1673 3712 placidior
1702 3636 1764 3704 305

485 3733 574 3802 vultu
597 3731 716 3800 lactus:
732 3740 883 3801 “moneo
898 3753 968 3816 vos,
980 3733 1093 3822 inquit,
1112 3733 1235 3802 debitae
1253 3731 1328 3803 fidei
1347 3757 1520 3819 memores,
1536 3758 1572 3803 ac
1584 3735 1671 3804 dein-

485 3869 558 3937 ceps
583 3846 758 3916 commodo
784 3865 891 3915 vestro
911 3865 1092 3916 constantes
1110 3847 1226 3932 sitis'';
1251 3847 1377 3931 deinde,
1396 3849 1474 3918 dnm
1497 3849 1673 3938 promissae

485 3959 561 4030 fidei
583 3961 670 4030 idem
692 3985 818 4053 semper
839 3965 949 4046 simus,
974 3963 1074 4034 multa
1094 3964 1242 4054 promisit
1264 3964 1357 4034 nobis
1382 3964 1466 4034 bona
1473 3991 1483 4048 ;
1507 3984 1540 4034 et
1563 3983 1674 4034 contra

486 4077 586 4146 multa
597 4079 735 4148 minatus
746 4097 794 4146 est
806 4078 898 4147 nobis
904 4103 914 4162 ;
934 4101 1046 4148 verum
1061 4079 1163 4148 multo
1179 4079 1291 4149 fortius
1307 4083 1450 4150 Antonio
1463 4079 1502 4148 de
1514 4081 1673 4170 Fixiraga‚

487 4194 555 4262 tui:
574 4201 595 4232 “
609 4193 818 4284 experiemur,
837 4195 950 4284 inquit,
966 4192 1064 4263 fidem
1080 4196 1230 4264 tuamrni
1247 4194 1357 4265 urbem
1375 4196 1567 4286 promissam
1580 4195 1673 4279 nobis
1702 4211 1768 4278 310

487 4307 629 4378 dederint
648 4309 744 4390 cives,
762 4309 871 4399 ntique
891 4309 1061 4398 complices
1079 4329 1206 4378 nostrae
1225 4309 1324 4398 genti,
1343 4332 1439 4399 quam
1459 4309 1510 4378 hic
1531 4333 1548 4378 a
1574 4309 1672 4400 longe

486 4424 580 4493 nobis
598 4424 739 4493 deditam
758 4447 793 4492 at
812 4443 953 4514 paratam
972 4423 1065 4492 nobis
1080 4425 1202 4508 asseris,
1217 4447 1275 4514 pro
1291 4427 1410 4494 meritis
1423 4449 1545 4516 poenas
1559 4427 1673 4518 dignas

487 4538 585 4610 dabis.
630 4564 743 4611 verum
766 4541 792 4610 si
816 4539 922 4609 dedita
940 4539 1033 4610 nobis
1056 4540 1167 4608 civitas
1190 4539 1224 4608 in
1247 4558 1279 4609 te
1301 4541 1405 4611 adbuc
1426 4540 1525 4612 fidem
1555 4539 1673 4633 sperari

542 4805 573 4864 (ι)
589 4805 630 4850 Bo
644 4805 762 4866 increpans
