3874 5886
637 540 665 599 1.
692 541 751 598 DE
778 539 1093 603 CERMENATE.
1416 543 1451 605 11

273 787 333 834 nec
352 761 471 833 lactum
489 761 632 866 placebat
644 762 827 850 Fabiorum,
841 781 873 834 et
885 765 932 832 ius
944 763 1103 854 postulare
1119 763 1245 833 Barbari
1257 761 1456 858 putabantup.

204 902 248 969 50
273 879 330 950 sed
348 879 388 949 ad
411 879 607 950 ceruendum
631 879 708 972 quid
731 881 804 953 iuris
828 899 893 948 erat
916 881 948 952 iu
972 881 1048 948 viris
1070 899 1175 952 tantae
1198 879 1370 950 nobilitatis
1401 879 1459 948 ob-

274 993 376 1071 stabat
389 994 531 1066 ambitio,
577 997 684 1086 itaque
702 1018 743 1064 ne
760 1017 859 1086 penes
878 1013 1041 1064 senatores
1061 995 1152 1084 culpa
1171 1014 1265 1079 esset,
1279 995 1305 1064 si
1324 994 1399 1086 quid
1418 995 1459 1062 si·

275 1109 454 1180 msuumffl
473 1109 640 1193 accideret,
653 1111 873 1202 coguitionem
892 1109 931 1179 de
943 1109 1108 1202 postulatis
1121 1110 1287 1182 Gallorum
1306 1110 1345 1178 ad
1356 1131 1459 1202 popp-

275 1227 343 1296 lum
360 1225 506 1314 reiiciuot
518 1225 563 1309 (Β),
587 1225 639 1299 ubi
664 1245 754 1294 tanto
771 1224 842 1318 plus
859 1227 960 1318 gratia
975 1243 1006 1294 et
1025 1247 1103 1316 opes
1121 1225 1248 1309 valuere
1268 1243 1302 1294 ut
1320 1247 1459 1316 quorum

276 1340 315 1410 de
333 1363 438 1432 poena
457 1339 619 1432 agebatur,
637 1339 754 1417 tribuni
770 1341 908 1410 militum
927 1341 1083 1411 consulati
1098 1359 1255 1433 potestate
1274 1342 1307 1410 in
1325 1363 1459 1432 sequeu-

208 1479 246 1546 55
276 1473 343 1524 tem
360 1477 482 1527 annum
502 1457 595 1527 creati
607 1457 681 1526 siut.
727 1477 793 1546 quo
811 1455 908 1538 sacto,
928 1455 1013 1528 haud
1025 1479 1115 1526 secus
1126 1479 1224 1548 quam
1237 1455 1371 1548 dignum
1383 1473 1460 1538 crat,

277 1569 390 1640 infensi
400 1571 483 1641 Galli
495 1571 614 1642 bellum
626 1572 790 1666 propalam
803 1573 986 1642 minitantes
996 1572 1031 1630 (⁶)
1046 1573 1085 1642 ad
1097 1595 1173 1644 suos
1184 1573 1328 1654 redeunt,
1340 1594 1460 1664 eosque

277 1687 380 1758 relatis
406 1687 540 1758 incitant
552 1687 597 1756 (¹).
644 1707 720 1758 tuuc
742 1707 913 1780 postquam
943 1689 1101 1760 bonorem
1129 1687 1281 1765 collatun
1303 1687 1387 1760 ultro
1410 1709 1462 1758 ac·

278 1823 388 1892 cepere
398 1801 648 1874 <tristantibus
658 1803 734 1874 iuris
750 1802 894 1886 humani,
905 1803 1164 1894 legationemque
1183 1825 1275 1876 suam
1293 1803 1461 1886 eluunt),

277 1915 446 2006 flagrantes
465 1917 520 2000 ira,
541 1919 630 1990 cuius
648 1919 817 2010 impatiens
836 1941 883 1989 est
902 1919 1059 2010 turgens,
1079 1917 1248 1990 confestim
1267 1919 1366 2009 signis
1385 1941 1462 1988 con·

208 2039 251 2104 60
278 2031 387 2116 vulsis,
397 2033 493 2102 citato
501 2035 629 2126 agmine
638 2033 960 2126 iterlaggrediuotur.
998 2033 1038 2102 ad
1050 2056 1187 2126 quorum
1195 2035 1463 2125 praetereuntium

276 2149 392 2236 raptim
407 2147 580 2220 tumultum
593 2171 668 2220 cum
679 2151 804 2220 territae
816 2149 908 2220 urbes
919 2149 958 2218 ad
973 2171 1061 2219 arma
1076 2169 1311 2234 concurrerent,
1325 2147 1464 2250 fugaque

278 2263 450 2354 agrestium
469 2261 570 2348 fieret,
588 2267 728 2336 Romam
747 2289 781 2336 se
799 2265 845 2334 ire
864 2287 984 2356 magno
1004 2265 1143 2336 clamore
1161 2263 1438 2358 significabant<²).

344 2379 404 2448 111.
449 2380 492 2448 At
509 2377 610 2462 Fabii,
629 2397 661 2448 et
678 2379 733 2470 qui
754 2378 871 2451 tribuni
890 2379 1030 2450 militum
1047 2403 1158 2452 secum
1178 2381 1272 2450 creati
1291 2400 1391 2467 eraut,
1407 2403 1466 2453 rtu-

278 2514 368 2562 mero
387 2515 454 2581 sex,
464 2491 498 2550 (¹)
517 2513 551 2564 ut
566 2491 602 2562 lit
617 2517 657 2562 ex
675 2495 778 2584 pravis
790 2493 898 2576 initiis,
913 2493 1003 2564 nullo
1019 2495 1086 2566 utili
1105 2495 1240 2566 consilio
1257 2515 1361 2586 capro,
1377 2495 1466 2566 nullo

278 2609 439 2678 sociorum
456 2627 509 2678 aut
525 2609 703 2678 amicorum
715 2609 834 2678 auxilio
845 2629 1024 2702 expectato,
1039 2611 1144 2680 ocelli
1157 2609 1238 2680 sorte
1248 2611 1467 2702 requisito,sic

278 2747 333 2794 cos
343 2725 528 2816 praecipites
541 2724 654 2816 agebat
665 2725 828 2798 commissi
841 2725 981 2796 miminis
996 2725 1093 2808 furor,
1102 2745 1137 2796 ut
1147 2747 1216 2796 nou
1231 2729 1337 2796 minus
1348 2745 1467 2796 temere

232 2883 249 2950 5
279 2839 459 2912 adventui)
470 2863 583 2912 eorum
594 2859 771 2932 pugnatum
784 2839 837 2925 sit,
846 2863 943 2932 quam
952 2863 1009 2914 sua
1017 2841 1359 2937 legationepactuml'l.
1390 2865 1468 2917 nam

278 2974 485 3028 extenuantes
496 2955 533 3013 (i)
547 2956 644 3026 etiam
668 2954 787 3027 lamam
811 2955 894 3038 belli,
913 2955 1020 3028 subito
1043 2975 1075 3026 et
1097 2956 1303 3028 tumultuario
1327 2959 1467 3028 exercitu

279 3071 311 3140 in
331 3093 499 3142 occursum
519 3070 662 3142 hostibus
680 3069 817 3140 tendunt
834 3069 873 3139 ad
894 3091 969 3140 arv.
992 3071 1131 3162 lapidem
1150 3095 1263 3164 parum
1283 3071 1362 3143 infra
1380 3071 1467 3142 viam

279 3185 1048 3280 Tiberinum,ubicumlmultitudinemhostium
1062 3207 1302 3272 cernerent,sua
1311 3189 1467 3278 paucitate
1543 3247 1549 3258 .

278 3303 430 3394 percussi,
447 3302 482 3358 (ἱ)
500 3303 678 3372 extenuatis
700 3303 734 3371 in
755 3324 873 3374 cornua
896 3301 1007 3392 copiis,
1023 3325 1064 3372 ne
1083 3301 1303 3374 circumveniri
1325 3303 1468 3385 hostium

213 3457 252 3508 to
279 3415 483 3486 multitudiue
501 3436 642 3508 possent,
654 3417 776 3488 frontes
790 3417 827 3474 (¹)
845 3436 954 3486 umen
967 3438 1101 3506 aequare
1112 3417 1347 3508 nequeuntibus
1358 3435 1468 3486 contra

278 3533 421 3602 hostium
436 3532 519 3602 acies
534 3555 569 3602 se
584 3553 760 3623 exponunt.
797 3531 903 3624 primo
918 3531 1040 3624 impetu
1055 3533 1278 3604 Romanorum
1290 3532 1372 3602 acies
1387 3529 1467 3616 fusa,

278 3669 416 3738 quorum
426 3671 501 3716 cum
515 3647 594 3715 nibil
609 3645 692 3737 apud
705 3645 812 3729 duces,
821 3671 881 3716 uec
893 3647 1011 3715 milites
1023 3645 1107 3716 soliti
1120 3647 1240 3718 ordinis
1252 3646 1343 3730 foret,
1356 3669 1467 3736 pavor,

278 3779 311 3828 et
329 3759 406 3850 fuga
424 3761 549 3828 animos
568 3779 747 3852 occuparat,
767 3779 854 3830 tanta
873 3783 988 3832 eorum
1005 3759 1128 3830 oblitio
1144 3761 1204 3832 luit
1223 3781 1257 3831 ut
1276 3763 1379 3830 maior
1395 3783 1466 3852 pars

278 3875 390 3956 Veios,
403 3873 546 3944 hostium
559 3875 681 3960 urbem,
696 3899 769 3944 curn
786 3875 924 3966 Tyberis
943 3892 1072 3960 arceret,
1086 3898 1183 3966 quam
1194 3875 1237 3932 (²)
1251 3895 1340 3946 recto
1354 3877 1467 3945 itinere

213 4029 249 4096 ¹5
279 3989 419 4060 Romam
438 3989 478 4060 ad
497 3991 651 4080 coniuges
668 4009 701 4060 et
719 3989 836 4060 liberos
858 3991 1015 4080 fugerent.
1060 3991 1126 4081 qui,
1144 3991 1247 4062 hostis
1264 3993 1300 4052 (⁸)
1322 3990 1467 4082 gladium

280 4127 297 4172 a
315 4123 407 4195 tergo
425 4107 630 4198 insequentis,
649 4107 683 4174 in
701 4104 843 4176 fluminis
862 4105 956 4176 undis
966 4105 1003 4162 (⁰)
1026 4127 1165 4190 camere,
1188 4106 1341 4198 plerique,
1363 4107 1467 4176 immo

334 4297 707 4356 ialflldquldlodesiniatrum
762 4299 981 4356 (blerdecemttt
1035 4300 1257 4356 (cleuuraciautea
1309 4301 1467 4360 (Μύρω-

279 4387 460 4434 qmrnretepera
474 4377 666 4424 attenuationem
680 4379 762 4424 adlato
816 4381 845 4434 te)
856 4379 896 4425 Bt
909 4377 986 4425 etham
999 4393 1049 4426 eae
1102 4381 1131 4436 (ι)
1147 4379 1186 4424 Bt
1202 4379 1241 4438 qul
1251 4387 1469 4426 minonem

280 4455 427 4514 (fllflblno
481 4457 695 4512 praemetuere
750 4457 966 4516 (llflbpetacttttn
1033 4457 1319 4517 llumtlmantealam
1383 4457 1469 4514 tutat

279 4535 376 4592 permisi
430 4536 622 4592 (linitam
678 4537 1104 4598 trulflbcumprerlsmqnln
1158 4537 1470 4595 (uthQdautenbottir

280 4613 600 4672 (aldbudunlaituffls

317 4815 360 4884 (t)
373 4815 417 4872 Cf.
430 4815 465 4872 Τ.
478 4815 573 4884 two,
582 4817 616 4888 V,
626 4817 754 4892 xxrt·r,§
773 4833 812 4876 rt.
934 4819 977 4892 (a)
987 4817 1030 4876 cl
1043 4817 1078 4874 T.
1092 4817 1187 4884 anto,
1199 4817 1234 4895 V,
1242 4833 1353 4891 mvn,
1365 4817 1381 4895 s
1392 4835 1408 4886 a
1418 4835 1433 4874 e
1444 4831 1469 4904 p.
