3860 5884
609 519 638 574 1.
667 519 725 575 os
754 517 1069 576 cennuuars.
1387 523 1427 592 25

243 741 321 824 silia‚
345 761 442 832 quem
460 740 548 810 velut
566 739 688 810 solandi
711 763 805 810 causa
824 763 954 832 aegrum
974 741 1055 810 curis
1074 739 1191 810 adeunt
1204 741 1250 822 (¹),
1264 741 1431 832 ipsumque

243 859 275 926 in
290 855 459 926 cubiculari
478 879 602 926 camera
621 857 794 926 solitarium
814 875 845 924 et
863 857 1087 936 insanientem,
1103 877 1212 924 comes
1231 855 1377 946 Philippo
1396 857 1432 912 θ’)

242 973 292 1042 cui
311 973 425 1042 caeteri
445 973 612 1062 negotium
632 973 717 1056 dant,
736 995 885 1042 sermone
903 974 956 1040 tali
977 995 1144 1062 aggressus
1163 991 1220 1042 est.

309 1091 384 1159 XV.
435 1117 451 1153 α
475 1089 622 1178 Tempus
645 1107 703 1172 est,
733 1091 834 1179 inquit
865 1089 983 1172 Cnido,
1012 1089 1144 1158 discrete
1168 1111 1272 1178 agere,
1294 1113 1336 1158 ne
1359 1109 1432 1178 post

241 1205 361 1274 lactum
374 1203 605 1296 poenitendum
618 1205 667 1274 sit.
700 1207 805 1294 itaque
815 1205 967 1294 quoniam
981 1227 1021 1272 an
1034 1205 1061 1272 si
1072 1203 1218 1294 expediat
1226 1205 1379 1286 resistere,
1391 1229 1431 1274 au

242 1319 371 1388 obedire
387 1321 465 1410 regi,
479 1321 618 1410 quidque
633 1321 731 1390 tutius
750 1343 785 1389 ac
798 1320 903 1388 utilius
922 1318 1015 1388 nobis
1026 1321 1077 1401 sit,
1089 1318 1193 1388 adhuc
1204 1319 1360 1388 incertum
1373 1339 1429 1398 est,

242 1434 275 1503 id
289 1437 373 1526 prius
388 1435 619 1524 explorandum
633 1453 681 1504 est
693 1435 727 1490 (θ)
739 1457 835 1524 quam
850 1433 1038 1502 executione
1055 1435 1109 1502 uti.
1156 1434 1229 1502 satis
1246 1435 1430 1524 opportuni·

196 1561 212 1628 5
243 1551 313 1616 tatis
329 1547 466 1632 fortuna,
486 1551 518 1618 in
538 1549 601 1618 hoc
620 1551 732 1620 saltem
748 1549 821 1632 fida,
841 1548 934 1618 nobis
949 1548 1045 1618 dedit.
1057 1549 1068 1638 Ι
1082 1551 1107 1616 si
1120 1549 1177 1616 viri
1193 1571 1315 1632 sumus,
1326 1573 1431 1640 neque

243 1663 366 1733 consilii
382 1665 528 1754 nequelll
541 1663 613 1733 facti
626 1683 751 1754 tempus
767 1665 865 1733 deerit
878 1662 980 1732 nobis.
1016 1664 1098 1732 citati
1111 1687 1221 1732 sumus
1233 1665 1338 1734 cuncti
1347 1667 1430 1756 prin·

242 1781 326 1868 cipes
344 1778 643 1870 Longobardorum,
664 1799 698 1848 ut
713 1803 916 1849 occurramus
926 1781 1099 1848 adventum
1114 1783 1207 1870 regis,
1224 1781 1334 1850 saltem
1345 1805 1431 1864 cum,

242 1897 394 1986 superatis
408 1895 550 1986 Alpibus,
565 1897 735 1966 Astensem
748 1895 918 1966 descendat
933 1897 964 1964 in
980 1919 1103 1986 agrum.
1142 1895 1258 1964 ibimus
1273 1897 1379 1965 videre
1395 1921 1431 1966 ac

241 2033 349 2100 sapere
368 2033 476 2080 mores
490 2013 589 2101 regis;
608 2013 634 2078 si
650 2011 690 2080 ad
705 2035 780 2080 eum
795 2012 899 2080 faciles
916 2011 1008 2080 nobis
1023 2031 1115 2080 emnt
1129 2011 1242 2094 aditus,
1259 2010 1345 2080 brevi
1360 2035 1430 2102 per·

176 2151 214 2200 to
241 2123 418 2214 pendemus
436 2125 505 2194 duri
525 2126 736 2194 ani‘)molles
760 2127 823 2195 sint
842 2125 933 2195 uobis
957 2127 1055 2194 animi
1079 2143 1187 2196 motus
1211 2129 1297 2210 eius;
1317 2127 1431 2196 adhae-

241 2257 306 2308 reat
324 2263 366 2308 ne
385 2241 528 2309 hostibus
544 2241 672 2322 nostris,
693 2263 733 2309 an
753 2243 866 2310 sentiat
885 2241 960 2331 quid
979 2241 1222 2332 opportunitatis
1238 2261 1270 2312 et
1287 2241 1429 2332 obsequii

242 2353 385 2423 conferre
403 2354 462 2422 sibi
491 2377 663 2444 possumus
674 2355 719 2422 (ἲ).
765 2354 879 2445 quibus
909 2356 1089 2446 exploratis,
1114 2358 1189 2425 satis
1212 2375 1430 2446 opportunum

241 2468 423 2551 consilium,
439 2491 473 2538 ac
489 2468 681 2538 deliberandi
697 2487 823 2560 tempus
842 2469 935 2539 nobis
949 2471 1016 2538 etit.
1064 2473 1189 2540 iuterim
1206 2471 1335 2540 intentis
1351 2473 1430 2540 ami·

241 2607 353 2654 corum
376 2604 431 2655 aut
449 2587 609 2654 sociontm
633 2585 778 2654 subsidiis
797 2587 885 2654 iuxta
907 2608 944 2654 ea
961 2609 1042 2676 quae
1066 2587 1282 2678 scripserimus
1294 2589 1330 2644 (⁸)
1360 2590 1429 2657 Me·

174 2726 210 2793 15
241 2701 370 2782 dioiaui,
385 2723 443 2792 pro
460 2723 494 2770 re
513 2721 545 2770 et
562 2721 706 2792 tempore
725 2721 850 2770 curetur
868 2701 969 2770 vobis.
1008 2725 1068 2771 nos
1088 2721 1195 2772 autem
1215 2701 1298 2794 apud
1321 2727 1430 2794 regem

240 2816 419 2888 curabimus
435 2839 475 2884 ne
495 2837 553 2886 vos
573 2817 713 2886 absentia
731 2837 913 2906 suspectum
934 2817 1047 2886 habeat
1062 2843 1078 2882 a
1094 2818 1139 2884 (Ι).
1186 2819 1399 2908 exploratores
1421 2821 1431 2908 l

239 2935 335 3004 etiam
359 2935 389 3002 in
414 2931 637 3001 Alamanniam
662 2931 746 3022 apud
768 2933 872 3022 ipsum
901 2955 1011 3021 regem
1039 2931 1186 3002 destinari
1210 2932 1294 3002 haud
1322 2935 1430 3002 inutile

240 3051 408 3140 plerisque,
423 3071 490 3117 non
501 3067 567 3118 tam
581 3047 735 3129 Gnidoni,
748 3049 852 3116 visum
865 3067 922 3130 est,
941 3047 995 3138 qui
1011 3069 1066 3114 eos
1082 3045 1191 3116 fideles
1210 3049 1267 3116 sibi
1291 3051 1431 3134 nunciet,

239 3185 333 3255 atque
356 3163 442 3232 solos
460 3163 529 3231 iilos
560 3187 628 3232 esse
658 3163 771 3254 quibus
794 3163 884 3232 liceat
911 3163 1087 3250 introytum
1115 3162 1222 3231 ltaliae
1245 3162 1329 3246 dare,
1356 3166 1429 3233 arri·

168 3299 212 3348 ao
239 3281 365 3370 piatque
385 3279 443 3348 iter
460 3278 590 3368 quando
609 3277 696 3367 velit,
715 3279 746 3348 iu
762 3277 894 3368 pedibus
913 3278 1073 3346 montium
1093 3275 1297 3348 descendenti
1320 3281 1352 3348 in
1376 3301 1429 3348 oc·

239 3417 367 3464 cursum
391 3395 476 3482 ipsos
495 3411 620 3482 praesto
639 3393 718 3462 lore.
1299 3371 1306 3388 ’

306 3511 416 3600 ltaque
440 3509 637 3578 destinantur
659 3509 699 3578 ad
723 3509 785 3578 hoc
812 3531 893 3600 opus
904 3509 952 3591 θ’),
969 3507 1184 3600 eligundque]
1204 3508 1243 3576 de
1267 3508 1429 3578 ordinibus

240 3623 503 3708 Meudicantium,
521 3623 603 3714 apud
619 3647 710 3715 quos,
725 3623 764 3692 ad
780 3643 894 3694 nutum
909 3644 1130 3711 tyrannomm,
1147 3647 1263 3714 magna
1279 3625 1429 3714 cuiusque

240 3742 365 3830 generis
380 3741 628 3830 exploratonrm,
645 3761 720 3807 meo
739 3759 893 3828 tempore,
913 3739 1003 3828 copia
1019 3761 1144 3826 semper
1162 3737 1229 3807 fuit.
1267 3738 1428 3828 inquibus

168 3875 208 3944 25
239 3855 304 3924 duo
322 3857 489 3946 praeelecti
508 3854 596 3924 fuere
615 3877 751 3944 magnae
770 3853 961 3922 auctoritatis
980 3873 1012 3922 et
1030 3855 1201 3942 sapientiae
1221 3855 1278 3922 viri
1295 3853 1427 3924 Ordinis

238 3969 497 4040 Praedicatotum
517 3969 689 4040 Mediolani
713 3967 876 4038 frenesta.

291 4187 486 4242 laiBbadlerrnt
574 4189 608 4244 (bi
624 4189 664 4232 Aa
688 4186 835 4244 Philipporum
924 4189 954 4244 (ci
969 4189 1008 4234 Aa
1022 4188 1139 4244 explorare
1157 4199 1224 4245 quam
1242 4187 1375 4234 executione
1394 4187 1426 4232 uti

238 4267 381 4324 (dilidam
423 4267 602 4324 (elanduriaut
644 4267 856 4324 (iiBbpossimus
896 4267 1114 4324 (ginatcriprimus
1150 4265 1308 4326 (htAaquos
1322 4266 1427 4323 asopus

272 4470 811 4544 (1)Aquestopuntodeiraccomoapri·
856 4469 917 4536 tori,
945 4485 1114 4525 mancavsuo
1139 4468 1227 4524 alcuni
1253 4467 1327 4540 logii,
1344 4485 1424 4524 corne

236 4557 293 4610 vasi
310 4553 336 4610 ia
352 4557 396 4626 piu
413 4569 494 4624 grave
506 4553 601 4610 lacuna
613 4555 683 4609 della
693 4571 810 4609 cronaca
855 4555 907 4626 egli
918 4553 1012 4610 saeeva
1024 4555 1154 4609 avvertire
1167 4572 1219 4611 con
1233 4555 1259 4608 ia
1272 4567 1349 4610 nota:
1360 4555 1425 4610 «de-

237 4639 288 4694 clte
304 4637 345 4692 sul
361 4649 432 4692 testo
447 4637 498 4692 cite
517 4637 610 4692 diamo
629 4639 656 4692 in
675 4637 736 4692 luce
752 4637 777 4692 ci
795 4641 809 4690 d
857 4651 941 4692 «sunt
957 4637 1021 4692 lolia
1034 4637 1089 4692 duo
1102 4637 1317 4709 inexempiari».

236 4723 300 4777 dato
315 4739 419 4776 sanare.
456 4721 507 4776 Nei
527 4723 587 4776 cod.
604 4721 636 4790 B,
651 4723 717 4793 oggi
732 4721 811 4776 fiam·
890 4721 956 4792 (2)l
972 4723 1049 4776 nomi
1068 4721 1176 4777 deidue
1195 4722 1314 4792 religiosi
1332 4723 1424 4778 insisti

239 4805 382 4870 mentatio,
398 4805 423 4860 di
440 4805 482 4858 cui
498 4805 565 4860 ebbe
585 4809 663 4876 copia
686 4805 705 4860 ii
724 4804 811 4860 Mura-
856 4805 971 4878 aspira,
986 4807 1057 4862 dove
1076 4823 1121 4862 era
1139 4805 1166 4860 la
1185 4819 1259 4862 corte
1275 4807 1424 4880 imperiale,

343 4925 361 4972 1.
376 4925 404 4970 de
419 4924 560 4972 &menate
1292 4927 1317 4973 a·

1493 2963 1514 2996 c.
1529 2961 1580 3008 prs
