3860 5884
653 564 679 618 1.
708 563 766 620 ne
793 563 1108 620 cenueuare.
1432 569 1472 636 4¹

349 787 441 856 XIX.
483 787 526 854 At
544 785 598 856 ubi
617 786 767 876 applicuit
786 785 1008 856 Mediolanum
1026 809 1094 868 rex,
1111 805 1145 854 ut
1163 785 1239 869 dixi,
1259 787 1349 856 cuius
1368 787 1477 878 urbis!

282 903 368 971 cives
388 923 455 971 non
471 923 585 992 graves
604 925 709 992 neque
723 901 805 986 duri,
819 901 876 970 sed
896 901 1045 984 mulmm,
1057 903 1134 992 quin
1148 903 1249 971 immo
1262 903 1352 994 quasi
1366 923 1477 974 natura
1528 949 1550 982 e.
1568 947 1634 999 ¹09·

281 1017 419 1086 nimium
438 1015 544 1086 faciles
558 1017 690 1107 regendi
704 1039 790 1100 sunt,
800 1019 917 1108 quippe
930 1019 1079 1108 cuiquam
1094 1019 1230 1108 imperio
1242 1019 1341 1086 etiam
1356 1019 1476 1090 iniusto

280 1151 404 1224 parent,
429 1131 514 1203 illico
535 1133 693 1202 Ioannem
716 1134 756 1202 de
774 1133 804 1202 la
829 1133 956 1214 Calcea,
981 1133 1142 1204 Gallicum
1161 1133 1234 1202 licet
1258 1135 1397 1218 natione,
1417 1155 1476 1202 no-

234 1262 251 1329 5
281 1247 378 1317 bilem
397 1247 577 1332 indoctum,
600 1267 693 1340 atque
718 1246 873 1318 incultum
897 1251 1013 1330 virum,
1037 1249 1069 1316 in
1089 1249 1156 1340 ipsa
1179 1249 1257 1318 urbe
1278 1273 1373 1320 suum
1398 1271 1475 1319 con·

280 1365 381 1432 stituit
401 1383 433 1432 et
457 1363 530 1432 fecit
548 1365 757 1434 vicarianae).
803 1367 857 1454 qui
877 1365 962 1432 vitiis
985 1365 1050 1434 suis
1074 1386 1110 1432 ac
1133 1361 1287 1446 fatuitate,
1306 1365 1361 1432 vix
1385 1387 1475 1434 com·

280 1479 368 1570 pleto
384 1501 506 1560 mense,
522 1480 611 1548 velut
629 1479 776 1548 inhabilis
792 1499 824 1548 et
842 1479 993 1570 indignus
1008 1503 1027 1546 a
1042 1478 1197 1570 dignitate
1211 1499 1353 1550 remotus
1368 1499 1427 1562 est,
1444 1499 1476 1550 et

280 1615 315 1664 ut
334 1613 504 1664 contentus
523 1615 625 1664 taceat
644 1595 678 1664 in
696 1597 858 1665 solutione
882 1597 992 1686 magui
1012 1597 1177 1686 temporis,
1196 1615 1363 1686 tamquam
1381 1599 1476 1688 gesti,

279 1713 446 1802 regiminis
470 1713 531 1794 sui,
555 1735 574 1780 a
596 1733 662 1802 quo
686 1711 873 1795 absolvitur,
896 1711 1031 1802 pecunia
1054 1735 1072 1780 a
1092 1713 1259 1782 communi
1283 1731 1398 1780 nostro
1414 1711 1473 1782 sibi

214 1841 253 1889 ro
279 1825 440 1918 persoluta
459 1845 518 1910 est,
540 1825 631 1918 quasi
655 1824 745 1896 dono
761 1826 853 1909 data;
877 1846 908 1896 ct
931 1829 976 1896 sic
999 1826 1148 1916 demptus
1168 1827 1274 1896 honor
1292 1827 1326 1896 in
1345 1829 1475 1918 proprio

280 1941 457 2010 commodo
469 1959 695 2032 compensatus
708 1961 755 2010 est
766 1941 810 2010 (¹).
837 1941 893 2011 sed
906 1965 1010 2032 neque
1024 1943 1121 2032 ipsius
1141 1943 1270 2010 rectoris
1290 1943 1389 2010 nostri
1402 1943 1475 2012 licet

279 2057 366 2126 rudis
387 2055 544 2125 abdicatio
568 2057 707 2126 multum
732 2057 817 2127 utilis
840 2057 920 2126 mibi
944 2055 1040 2126 fuisse
1064 2055 1200 2140 videtur,
1224 2057 1328 2126 immo
1353 2057 1475 2128 civibus

280 2173 356 2242 alter
370 2196 468 2256 error,
486 2175 590 2264 priore
605 2172 756 2256 deterior,
774 2173 962 2244 subsecutus
981 2191 1039 2242 est.
1082 2195 1157 2242 nam
1178 2195 1233 2240 rex
1253 2173 1351 2242 alium
1371 2171 1475 2264 urbisl

280 2287 457 2356 Mediolani
465 2287 500 2342 θ’)
519 2287 674 2358 vicarium
694 2287 791 2370 dedit,
811 2289 866 2378 qui
884 2287 988 2356 multo
1008 2289 1111 2376 magis
1134 2286 1262 2377 pestifer
1285 2285 1344 2356 fuit
1362 2305 1474 2378 utpote
1526 2333 1548 2366 e.
1566 2330 1632 2366 asos

212 2417 248 2484 15
278 2405 440 2486 thuscum,
455 2405 509 2493 qui
529 2405 682 2474 Senensis
700 2401 786 2472 urbis
803 2405 922 2494 patriae
938 2425 1014 2473 suae
1034 2404 1109 2473 exul
1128 2423 1204 2473 erat.
1246 2403 1299 2473 hic
1317 2405 1474 2474 Nicolaus

278 2519 319 2588 de
339 2519 594 2610 bonsignoribus
614 2521 748 2589 nomine
772 2519 940 2588 cuiusdam
963 2519 1124 2588 societatis
1147 2521 1387 2610 negotiatorum
1406 2541 1473 2588 ma-

277 2637 377 2725 gister
394 2653 488 2726 atque
504 2655 607 2704 rector
626 2633 744 2704 fuerat:
766 2635 798 2704 in
818 2635 907 2704 cuius
922 2657 1020 2703 manu
1040 2653 1134 2726 atque
1154 2636 1299 2704 custodia
1316 2635 1369 2704 illa
1384 2658 1473 2705 com·

276 2752 414 2822 munitas
440 2750 592 2821 deficiens
606 2772 638 2820 et
653 2751 781 2842 penitus
797 2751 951 2821 dissoluta
970 2751 1048 2820 nulli
1062 2775 1102 2820 ex
1118 2751 1324 2821 creditoribus
1339 2775 1471 2842 respon·

274 2865 378 2935 debat.
420 2867 576 2938 Nicolaus
587 2865 622 2922 (²)
638 2867 697 2936 iste
711 2864 841 2958 pestifer
853 2865 985 2935 morbus
1001 2864 1087 2936 urbis
1102 2885 1240 2950 nostrae,
1256 2889 1331 2936 cum
1347 2869 1379 2936 in
1395 2867 1472 2938 sede

273 3087 367 3144 quilibet
386 3085 515 3133 brixiensis.
543 3097 622 3132 seam
636 3085 768 3144 compositis
778 3084 874 3132 ducibus
887 3085 910 3130 lu
925 3087 990 3132 voltu
1005 3085 1080 3132 nnus
1093 3087 1157 3132 color
1168 3087 1216 3132 fuit.
1243 3085 1317 3134 arrisit
1334 3087 1409 3147 itaque
1426 3087 1471 3134 lot·

273 3175 327 3212 tusa
342 3167 437 3212 multura
451 3165 497 3224 regi
507 3173 569 3212 tenta
582 3165 657 3224 quiete
673 3165 792 3222 Ligurum,
801 3173 847 3210 tem
860 3165 936 3212 sabito
949 3177 1083 3224 prosperans
1093 3167 1213 3211 adventurn
1228 3165 1285 3213 eius.
1313 3177 1393 3212 verum
1407 3165 1470 3212 brevi

272 3255 373 3304 tempore
384 3246 443 3291 iacta
451 3246 526 3292 nubile
536 3245 617 3291 invidit
628 3245 721 3290 nimium
731 3245 780 3298 sibi,
787 3245 933 3291 lmnsototius
944 3244 1034 3291 italicae
1043 3245 1116 3302 gentis
1125 3245 1194 3302 bono,
1204 3245 1257 3290 dum
1268 3245 1369 3304 plerique
1379 3245 1469 3292 nelsndl

273 3327 367 3384 Ligures
380 3335 402 3372 et
413 3327 542 3382 Lombsrdi,
556 3327 624 3373 etiarn
637 3339 695 3386 quos
704 3341 731 3372 es
743 3325 875 3384 rescriptis
888 3327 992 3372 exulibus
1002 3338 1094 3372 suarum
1108 3333 1218 3372 terarum
1230 3324 1315 3371 lnoolas
1328 3335 1396 3384 etque
1406 3327 1470 3372 cives

273 3405 354 3450 lacent
368 3405 486 3452 clensentis
500 3405 568 3462 repis,
577 3405 660 3462 periuri
674 3417 700 3450 ac
715 3406 809 3450 rebelles
823 3403 877 3450 isetl
886 3413 946 3458 sunt,
956 3413 990 3460 ut,
1004 3405 1022 3450 sl
1037 3413 1149 3462 expecta,
1159 3405 1230 3450 lector
1284 3406 1315 3461 (a)
1330 3404 1372 3450 Bb
1384 3403 1407 3450 ln
1422 3405 1468 3464 lpn

273 3485 385 3532 sicariam
406 3499 472 3531 mum
487 3485 541 3532 fecit
556 3487 589 3542 lb)
604 3485 643 3532 Bb
657 3487 719 3532 urbis
733 3495 823 3532 amose

306 3671 350 3746 (t)
364 3672 401 3730 Di
416 3672 454 3729 lai
468 3689 525 3730 nou
538 3673 650 3748 pariano
664 3675 738 3748 dopo
751 3675 770 3731 il
782 3676 848 3733 Cer·
892 3675 993 3748 petiale
1002 3675 1030 3730 in
1041 3675 1116 3732 Asti:
1133 3675 1228 3730 sltem
1243 3675 1468 3733 dictusdominus

272 3769 381 3814 menate
395 3756 448 3814 ebe
464 3757 499 3814 G.
513 3757 643 3824 Fraus,
660 3761 732 3814 llas.
743 3761 844 3826 domas,
892 3775 964 3814 «res
976 3771 1065 3816 cassat
1077 3771 1104 3816 et
1119 3759 1249 3814 admovet
1263 3757 1406 3816 dominum
1417 3761 1468 3816 bo·

270 3857 406 3914 occupat
419 3839 483 3914 egli
494 3841 845 3916 Ann.i{cdlllxllll,691.
892 3862 907 3893 e
916 3841 1040 3899 nilatium
1055 3842 1090 3898 de
1102 3842 1193 3899 Vastis
1205 3843 1239 3898 de
1254 3841 1334 3900 Alite
1347 3844 1381 3900 de
1393 3857 1467 3916 pote·

268 3925 306 3982 Di
330 3943 366 3980 uu
385 3925 489 3982 vicario
505 3925 673 3998 imperiales
693 3931 759 4000 peto
777 3927 842 3983 latta
892 3947 906 3976 s
916 3927 996 3982 staria
1009 3939 1036 3982 et
1051 3927 1183 4000 regimine
1197 3927 1313 3983 civitatis
1326 3927 1465 3996 Astertsis3

270 4009 666 4066 mensioneaell'instrnmento
676 4009 844 4066 notariledel
891 4031 905 4060 s
916 4023 943 4066 et
952 4011 1026 4066 dom.
1037 4009 1223 4066 Robcrtoocm
1232 4009 1368 4066 ‘Proetum
1380 4011 1414 4068 de
1423 4029 1466 4068 ca·

269 4105 284 4148 a
309 4095 437 4166 gnosio,
462 4093 575 4150 relativo
597 4093 650 4150 alls
671 4093 844 4150 restitutione
891 4095 1016 4168 spitania
1034 4105 1062 4150 et
1085 4093 1172 4150 offitio
1199 4095 1351 4168 capitaulas
1369 4095 1464 4170 populi

268 4177 408 4252 reciproca
432 4177 475 4234 dei
499 4177 570 4250 beni,
593 4193 672 4234 come
694 4177 738 4249 gia
759 4195 844 4234 osser·
891 4179 1053 4244 «Assensis3
1073 4177 1111 4234 lta
1125 4179 1199 4252 quod
1218 4179 1252 4235 de
1267 4191 1376 4234 caetero
1391 4179 1463 4236 dicta

267 4278 335 4318 vasa
350 4261 371 4318 il
390 4261 506 4318 Gretuu
526 4265 585 4336 (op.
606 4263 661 4328 cit,
676 4263 750 4330 vm,
768 4263 843 4334 606),
890 4261 1048 4334 «regimina
1062 4259 1139 4318 nullo
1154 4263 1240 4318 modo
1254 4275 1398 4318 exerceant
1410 4263 1463 4320 nisi

267 4347 310 4402 nel
326 4347 405 4420 quale
421 4351 436 4402 e
451 4347 540 4402 detto:
557 4369 572 4398 e
587 4347 661 4422 quod
677 4346 748 4403 side
763 4349 842 4404 dictis
889 4345 947 4402 ade
962 4361 1036 4400 novo
1051 4347 1289 4412 constituerentur,
1300 4347 1370 4402 etde
1385 4346 1463 4404 salla·

266 4431 371 4486 «bonis
383 4444 430 4487 aut
441 4431 544 4488 lusibus
554 4431 841 4488 controversiavelre·
888 4429 954 4486 «rio
973 4429 1183 4504 praevideantur
1202 4431 1307 4488 ebdom
1329 4429 1463 4488 sufficien-

267 4535 281 4564 ι
291 4515 412 4571 ementis
425 4515 515 4590 aliqua
522 4515 733 4582 mentrecunrt
742 4517 841 4590 petitor
888 4527 964 4570 seer:
980 4527 1007 4572 et
1021 4515 1049 4570 in
1064 4527 1227 4590 menatem
1242 4515 1330 4572 dictae
1345 4515 1460 4573 civitatis

266 4618 281 4649 s
291 4597 325 4654 ad
334 4599 466 4656 vitarim
477 4599 593 4656 civitatis
605 4603 685 4658 dte».
713 4599 841 4657 cinos·
886 4619 901 4650 s
910 4599 1032 4668 institnit,
1045 4612 1073 4657 et
1086 4599 1271 4668 constituitet
1280 4599 1408 4674 praefecit
1420 4617 1461 4658 aa

265 4697 357 4748 moes,
373 4685 449 4750 Acts,
465 4683 488 4750 l,
503 4701 545 4752 aa
887 4683 1117 4758 squeadfestom
1127 4685 1333 4742 dreaaslsionis
1345 4685 1460 4742 Domini

301 4767 344 4836 (2)
359 4767 476 4825 Niceolb
486 4769 700 4844 de'Bonsignoti
709 4769 744 4826 da
757 4771 839 4826 Slena
886 4789 900 4818 ι
911 4769 1037 4842 proximo
1055 4781 1224 4844 sequentem,
1238 4783 1267 4826 et
1279 4781 1386 4826 tantum
1398 4770 1459 4844 plus

265 4851 404 4924 apparisce
414 4853 669 4924 precedentemente
678 4855 782 4912 vicario
790 4855 840 4912 im·
885 4857 953 4916 «sel
976 4859 1066 4918 minus
1089 4873 1221 4934 quantam
1249 4860 1324 4916 dicto
1344 4859 1458 4916 domiuo

373 4973 597 5024 memte.
