3860 5884
608 561 635 618 r.
663 560 723 618 nn
750 557 1070 618 ctnuuutrn.
1394 563 1432 632 51

238 787 281 856 tei
305 785 443 855 domum
466 785 775 876 appropinquassent
793 785 839 868 (⁸),
872 785 935 856 ltoc
958 783 1019 854 sibi
1042 787 1205 870 nunciato,
1235 785 1442 856 ludovicum

238 901 571 984 vicecomitemcutn
582 901 741 993 aliquibus
753 901 923 972 iuvenibus
935 903 1114 987 armatisii),
1123 905 1178 994 qui
1191 903 1296 972 invito
1307 925 1345 971 ac
1356 903 1438 973 initi·

239 1019 335 1088 bente
348 1016 485 1090 domino
498 1019 634 1104 Manen,
646 1019 763 1108 paratis
775 1019 808 1088 in
828 1017 914 1088 curia
934 1019 1031 1088 armis
1046 1037 1078 1088 et
1090 1021 1181 1110 equis
1190 1019 1236 1102 (θ,
1248 1041 1337 1088 arma
1351 1041 1440 1090 sum·

170 1159 212 1210 20
239 1153 354 1226 pserat‚
372 1133 405 1204 in
424 1153 548 1204 secreta
562 1133 694 1205 aedium
713 1157 788 1204 cum
806 1136 897 1226 equis
917 1133 1046 1218 claudit,
1061 1153 1094 1204 et
1106 1135 1173 1225 ipse
1188 1157 1263 1206 cum
1277 1135 1387 1225 paucis
1406 1137 1439 1206 in

239 1273 341 1320 vanua
359 1249 436 1320 sede
448 1251 591 1342 porticus
606 1271 747 1342 togatus,
765 1253 834 1320 eius
849 1251 894 1320 tei
913 1251 1063 1342 ignotum
1083 1271 1153 1320 sese
1168 1275 1295 1340 gerens,
1316 1251 1370 1321 ubi
1385 1275 1442 1342 per

240 1388 386 1458 patentes
404 1369 547 1458 porticus
562 1368 596 1438 in
614 1369 790 1458 spatiosam
814 1367 935 1438 cutiam
955 1367 1172 1458 exploratores
1191 1367 1275 1458 tegis
1287 1369 1442 1437 intrantes

242 1484 333 1568 vidit,
353 1483 468 1576 'velut
487 1485 670 1574 interruptis
694 1485 970 1554 circumstantium
987 1483 1202 1568 sermonibus,
1221 1481 1333 1552 sedato
1352 1483 1443 1554 vultu

243 1623 300 1671 eos
328 1601 436 1692 quieta
457 1600 533 1670 sede
556 1623 692 1690 surgens
720 1601 850 1692 recepit,
874 1601 988 1670 vinum
1012 1599 1114 1668 afferri
1148 1599 1326 1684 clamitans,
1354 1599 1444 1669 velut

174 1741 213 1808 25
244 1719 372 1808 ignarus
390 1715 467 1808 quid
490 1717 620 1786 visitent
642 1719 873 1808 quaeritentve‚
891 1717 1065 1808 rogitari).
1111 1717 1214 1808 quio)
1237 1715 1291 1785 ubi
1315 1715 1444 1785 insidia·

243 1855 316 1902 rum
339 1855 377 1902 ac
399 1831 652 1902 machinamenti
678 1833 804 1902 nullum
826 1835 957 1924 signum
981 1831 1103 1914 vident,
1135 1831 1306 1901 oculorum
1335 1831 1444 1922 potius

242 1969 340 2039 quam
355 1949 481 2018 aurium
493 1949 641 2040 opinioni
659 1966 791 2032 stantes,
805 1951 964 2018 Matteum
979 1966 1011 2017 et
1030 1947 1204 2037 complices
1217 1947 1286 2016 eius
1298 1947 1443 2016 insontes

242 2083 371 2148 vocant,
395 2085 490 2156 atque
508 2065 606 2150 illico,
627 2067 729 2134 citatis
747 2067 849 2158 equis,
871 2063 911 2134 ad
930 2064 1106 2134 Turrianas
1125 2061 1242 2132 domos
1262 2081 1369 2146 ruunt,
1388 2063 1443 2132 ubi

242 2179 384 2250 tumultu
415 2201 510 2272 atque
534 2181 631 2250 armis
654 2183 765 2250 omnia
786 2181 882 2272 plena
905 2181 1076 2272 reperiunt.
1130 2199 1272 2249 attamen
1296 2179 1446 2250 nondum

175 2321 216 2390 30
243 2295 425 2387 frequentes
448 2319 524 2366 suae
544 2297 691 2368 factionis
710 2317 834 2368 turmae
853 2315 1092 2380 convenerant3
1109 2319 1186 2366 nam
1206 2295 1270 2366 hoc
1288 2297 1360 2386 ipso
1376 2319 1447 2386 per·

244 2415 366 2482 niciose
378 2415 516 2484 nimium
527 2413 679 2484 falluntur
692 2413 870 2483 Turrianae
884 2413 980 2504 partis
991 2411 1101 2496 duces,
1112 2411 1168 2504 qui
1180 2433 1248 2481 non
1261 2433 1334 2480 eam
1347 2413 1446 2496 diem,

243 2527 300 2598 sed
319 2549 493 2620 postetam,
512 2547 547 2599 ut
566 2527 691 2612 didon,
713 2527 939 2598 ordinaverant
966 2527 1006 2598 ad
1032 2525 1219 2598 tumultum.
1264 2549 1379 2598 venun
1399 2545 1447 2596 ta·

245 2667 333 2730 men,
354 2663 390 2716 ut
407 2643 511 2716 subita
528 2645 681 2736 poscebat
699 2667 761 2728 res,
783 2645 862 2714 nihil
880 2647 970 2740 pigre
983 2643 1018 2700 (θ
1038 2663 1147 2716 actum
1162 2663 1222 2714 est.
1267 2667 1345 2714 nam
1369 2645 1447 2730 cito,

245 2763 426 2851 cognitos>
443 2763 538 2852 primi
562 2762 720 2832 tumulnrs
743 2781 847 2846 motu,
866 2785 923 2852 per
944 2761 1067 2852 primos
1086 2783 1197 2832 cursus
1220 2759 1447 2846 Theutonum,

175 2905 191 2974 3
198 2905 214 2972 ,-
244 2899 327 2970 quos
341 2901 405 2970 ego
418 2879 455 2936 θ)
477 2879 510 2948 in
529 2877 602 2946 loro
624 2896 793 2970 promptos
811 2877 922 2968 lingua
938 2876 1095 2962 videram,
1107 2877 1146 2948 de
1162 2877 1342 2968 primorum
1358 2879 1448 2948 iuve-

245 3017 337 3078 num,
360 2993 522 3064 scilicetss)
553 2993 673 3064 Galeas
695 3011 728 3062 et
751 2992 982 3076 Francischini,
1005 2993 1243 3084 conspiratione
1267 2993 1448 3084 loquentes,

244 3109 419 3180 discttrrerc
443 3109 529 3180 urbis
551 3111 653 3192 vicos,
677 3109 806 3179 iiiicvl>
835 3109 874 3180 ad
893 3131 982 3178 mma
1005 3109 1193 3178 suscitantes
1213 3111 1338 3178 vicinos
1360 3130 1450 3192 suos,

245 3247 278 3294 et
299 3249 382 3317 quos
405 3245 540 3318 possunt
567 3225 710 3297 subdolis
734 3245 766 3296 et
789 3223 870 3294 fictis
895 3225 999 3295 verbis
1027 3225 1067 3295 ad
1094 3225 1255 3294 Turriana
1279 3225 1452 3316 castrasti!

246 3343 390 3426 mittunt,
402 3343 560 3414 dicentes:
577 3345 714 3435 «patine
728 3343 823 3413 vultis
842 3342 974 3414 ulterius
986 3343 1116 3414 iniurias
1127 3341 1357 3426 Tlseutonum,
1367 3363 1451 3434 quos

174 3487 218 3554 40
246 3460 343 3529 duces
362 3461 473 3542 nostri,
496 3461 551 3552 qui
571 3483 674 3530 unum
692 3457 767 3528 facti
786 3481 874 3544 sunt,
892 3459 1029 3550 amplius
1048 3459 1112 3550 pati
1133 3457 1302 3529 noluntlo
1353 3479 1452 3550 appa·

246 3575 358 3646 rebant
373 3577 470 3646 etiam
485 3574 650 3648 Guelficae
669 3575 817 3646 factionis
836 3577 958 3660 nuncii,
973 3594 1008 3646 ut
1022 3575 1167 3646 instructi
1185 3595 1288 3658 etant,
1301 3573 1385 3644 falso
1401 3573 1449 3644 di·

247 3711 370 3762 ctantes
382 3691 427 3760 ⁰³:
447 3715 482 3762 se
501 3691 619 3763 Galeas
638 3693 875 3760 vicecomitem
894 3709 927 3760 et
947 3690 1210 3761 Francischinum
1229 3690 1269 3760 de
1293 3690 1323 3760 la
1344 3690 1451 3761 Turre

246 3831 335 3878 nunc
357 3807 476 3877 vidisse
509 3825 648 3876 armatos
671 3807 706 3876 in
729 3806 896 3876 Turrianis
925 3805 1044 3890 castris,
1068 3805 1231 3896 ipsosque,
1255 3803 1329 3876 data
1363 3827 1451 3876 acce·

246 3945 364 4018 ptaque
380 3923 493 3994 osntlo
506 3921 591 4016 pacis
602 3921 678 4008 fide,
689 3923 723 3994 in
735 3921 930 3994 Theutonos
942 3945 1007 3994 una
1022 3925 1119 3994 armis
1137 3947 1238 3994 ruere
1287 3923 1451 3994 haecum·

177 4067 217 4136 45
246 4059 354 4109 rantes
372 4039 523 4110 dicebaut
544 4037 680 4110 deinde:
703 4037 810 4130 «quid
829 4039 959 4130 aginu?
973 4061 1040 4108 non
1058 4037 1175 4122 verbis,
1193 4037 1250 4108 sed
1262 4037 1355 4108 factis
1368 4059 1451 4129 opus

247 4175 311 4226 estc
331 4153 371 4224 ad
387 4175 476 4224 arum
493 4154 532 4225 ad
545 4155 647 4224 armai
686 4153 852 4224 deleantur
866 4152 1002 4224 barbari!
1041 4151 1215 4226 concordia
1230 4155 1352 4224 civium
1368 4151 1451 4224 lacta

301 4385 592 4464 ‹neom-..m
657 4399 1098 4460 precamurqunmnuqu
1156 4395 1449 4457 ‹eramen-nent·

247 4485 313 4544 σῇ
366 4479 1450 4544 (ἀ)Λισιῂ-σιαμιώ1υκυκόεμωκυ1ιαω,ἀυπ11μαωιαεωεα

249 4557 1450 4624 Μῌηωπμυᾲωψηὼκκωωίἀηαωωκμῑωω

250 4643 563 4702 voeuquvlriapoetim
577 4641 780 4698 rdmltldett
798 4641 854 4700 quid
872 4639 964 4688 vldtent
977 4639 1133 4700 motet
1153 4639 1246 4698 lotam
1262 4638 1354 4698 mm,
1372 4637 1452 4684 ritem

249 4725 456 4772 mid-ntum
510 4723 686 4780 (ellectum
736 4719 1002 4778 tssflimbiiw
1050 4717 1315 4778 ωυκιωμὴο
1364 4717 1453 4776 ΜΝ

250 4803 415 4866 lupum
480 4803 595 4862 titillet
662 4799 1036 4860 titos-rtustembffloe
1096 4797 1453 4860 mlnl‘l'urfflm

252 4885 446 4942 matinen·

1507 3377 1529 3416 C.
1548 3377 1611 3414 tao!
