3860 5884
647 583 674 640 1.
701 583 760 638 ne
788 583 1103 641 cantarum.
1426 593 1465 660 33

275 803 382 872 omnis
401 801 532 872 exulans
548 801 726 874 Gibeliinus
745 805 883 888 invocet,
900 823 974 874 ante
991 803 1103 872 boram
1120 805 1324 896 ingredientis
1341 809 1468 878 Italiam

189 941 246 1008 105
274 919 356 1008 regis
375 919 508 1008 ipsemet
530 941 585 987 rex
609 917 716 1010 (eam)
737 915 903 988 desiderati
927 919 1029 988 exulis
1052 943 1163 990 amans
1182 945 1315 1004 nomen,
1340 925 1467 994 Franci-

275 1057 366 1102 scum
377 1032 416 1103 de
435 1033 638 1125 Garbagnate
657 1057 751 1124 saepe
767 1034 806 1103 ad
822 1057 856 1103 se
876 1037 984 1104 venire
996 1033 1118 1120 iubens,
1137 1035 1175 1104 ab
1188 1061 1228 1104 eo
1240 1057 1346 1107 tantae
1362 1039 1467 1108 homi·

275 1149 325 1218 nis
343 1147 512 1234 absentiae,
527 1147 614 1218 velut
630 1147 847 1232 mirabundus,
864 1173 990 1220 causam
1003 1151 1133 1240 quaerit.
1172 1153 1277 1244 itaque
1288 1153 1467 1245 pernicibus

275 1262 381 1332 famae
404 1263 583 1334 rumoribus
595 1287 632 1334 ac
648 1264 763 1334 crebris
778 1267 897 1336 nuntiis
912 1267 1051 1336 Matreus
1067 1267 1251 1338 venientem
1270 1247 1381 1360 segem
1400 1294 1468 1361 per·

275 1379 351 1470 cipit
369 1381 434 1450 iam
456 1379 537 1450 ftnes
555 1379 652 1450 Italos
671 1381 824 1472 attigisse,
846 1402 979 1472 propere
999 1404 1065 1450 non
1085 1385 1265 1474 assumptis,
1284 1385 1341 1453 sed
1364 1386 1465 1474 depo·

188 1515 249 1564 tto
275 1495 341 1564 sitis
364 1493 574 1585 apparatibus,
595 1495 762 1585 egrediens
780 1495 908 1564 latibula
933 1497 1034 1582 castri,
1051 1495 1180 1566 humilis
1199 1496 1311 1568 famuli
1335 1501 1466 1569 servitio

275 1611 382 1692 tutior,
404 1609 544 1678 subitum
564 1611 622 1680 iter
643 1611 733 1700 rapit.
779 1609 830 1678 hic
850 1611 970 1679 etenim
993 1611 1085 1702 copia
1103 1613 1258 1682 virtutum
1279 1613 1380 1696 diues,
1399 1636 1466 1682 non

275 1725 417 1817 publicae
432 1727 441 1816 I
456 1727 647 1816 paupertatis
665 1747 766 1816 opum
784 1745 876 1795 scuto
891 1745 988 1810 tutus,
1000 1727 1071 1796 luce
1086 1749 1190 1818 neque
1204 1729 1321 1818 palam,
1336 1749 1389 1798 aut
1407 1752 1466 1819 pu-

275 1839 392 1910 blicum
415 1861 471 1910 seu
494 1859 616 1910 rectum
640 1841 699 1910 iter
721 1861 832 1932 capere
858 1841 963 1924 audet,
990 1841 1138 1930 capitales
1165 1843 1307 1911 hostium
1335 1843 1465 1912 insidias

276 1957 402 2038 timens,
415 1956 471 2024 sed
490 1978 546 2046 per
563 1953 706 2024 occultos
721 1955 814 2026 calles
830 1975 862 2026 et
880 1977 964 2024 raras
979 1957 1107 2026 semitas
1119 1959 1177 2026 iter
1195 1956 1325 2040 faciens,
1348 1957 1465 2048 longos

187 2089 245 2156 115
275 2091 428 2141 terrarum
446 2089 561 2142 tractus
574 2071 726 2154 circuens,
742 2089 874 2140 cunctos
889 2071 948 2142 sibi
964 2091 1166 2142 occurrentes
1174 2073 1209 2128 (¹)
1220 2091 1325 2162 pavet.
1359 2075 1466 2142 omnis

275 2187 393 2278 pedum
416 2187 562 2276 strepitus
581 2205 612 2254 et
631 2183 738 2276 fragor
760 2185 910 2256 arbomm
928 2187 1092 2278 suspendit
1115 2205 1257 2270 euntem,
1277 2191 1393 2280 quippe
1407 2191 1466 2260 scit

275 2305 343 2372 eius
358 2303 516 2394 iugulum,
536 2303 719 2394 praesertim
731 2303 793 2372 hoc
809 2303 959 2372 novitatis
978 2321 1134 2394 tempore,
1150 2305 1271 2374 cunctis
1286 2305 1409 2376 insidiis
1428 2331 1464 2376 ac

276 2419 416 2489 maxima
440 2415 598 2502 mercede,
613 2417 732 2508 quaeri.
777 2417 909 2486 tandem
932 2441 1017 2488 nunc
1033 2419 1142 2488 babitu
1162 2421 1357 2510 peregrinus,
1378 2445 1465 2491 nunc

274 2533 402 2602 sedulus
418 2530 611 2602 famulorum
626 2533 774 2622 armiger,
783 2531 908 2623 saepius
924 2530 1078 2624 obsequio
1091 2535 1205 2618 noctis,
1220 2555 1392 2624 properans
1407 2537 1465 2605 iter

188 2665 249 2716 120
276 2671 382 2732 suum,
405 2647 492 2717 venit
515 2647 548 2716 in
570 2649 630 2716 Ast
644 2647 690 2730 (¹),
714 2645 768 2716 ubi
787 2665 923 2716 traxerat
942 2670 997 2716 rex
1016 2649 1079 2716 iarn
1103 2647 1214 2718 diebus
1232 2647 1374 2738 pluribus
1393 2673 1464 2720 mo·

276 2785 356 2846 ram,
370 2781 540 2854 expectans
558 2762 727 2853 plerosque
745 2785 891 2852 proceres
911 2763 1075 2832 venientes
1092 2781 1123 2831 et
1142 2762 1336 2832 Theutonae
1359 2763 1464 2854 gentis

276 2897 405 2948 turmas.
451 2876 543 2962 forte,
566 2899 604 2946 ea
628 2877 754 2946 modica
776 2877 920 2968 equitum
943 2875 1044 2960 turba,
1066 2899 1150 2968 quae
1172 2901 1283 2948 secum
1306 2897 1383 2962 erat,
1405 2879 1466 2948 mi·

276 2993 362 3062 nime
380 2993 545 3084 reputabat
560 3012 666 3063 tutum
684 3015 753 3062 esse
772 2993 956 3082 ambiguam
970 2993 979 3082 i
993 2991 1089 3062 fidem
1108 2993 1262 3082 Ligurum
1282 2993 1464 3084 explorare3

276 3108 421 3178 nondum
445 3109 566 3178 etenim
588 3109 679 3176 omni
703 3109 847 3198 equitum
869 3130 998 3198 genere,
1021 3129 1102 3197 quos
1132 3131 1242 3176 secum
1269 3107 1464 3192 ductaverat,

187 3241 246 3308 t25
277 3223 352 3292 citra
371 3241 498 3294 montes
517 3224 556 3292 ad
575 3223 825 3314 quingentorum
849 3247 1019 3292 numerum
1039 3223 1228 3314 attingebat3
1252 3225 1369 3314 quippe
1392 3246 1464 3312 pro·

276 3341 372 3409 missa
394 3339 483 3410 ducis
505 3339 662 3422 Austriae,
683 3363 787 3430 neque
810 3338 948 3430 plurium
974 3339 1108 3408 aliorum
1131 3361 1299 3430 procerum
1312 3338 1463 3424 subsidia,

274 3454 389 3524 relictis
402 3453 584 3523 Theutonis
597 3451 724 3536 finibus,
736 3473 820 3523 certa
832 3471 921 3522 erant
935 3453 979 3522 (³).
1031 3453 1137 3546 itaque
1155 3455 1293 3523 Matteus
1308 3455 1376 3522 sive
1390 3475 1463 3524 casu

274 3591 373 3656 actus,
395 3595 451 3641 seu
475 3571 609 3640 consilio
632 3594 692 3642 suo
716 3593 809 3642 ausus
831 3572 956 3662 plebeio
979 3573 1109 3654 amictu,
1133 3597 1193 3642 nec
1216 3594 1283 3642 non
1306 3570 1462 3642 obscurae

274 3687 376 3754 noctis
401 3683 513 3754 umbra
536 3703 648 3768 tectus,
672 3707 709 3755 ac
732 3685 809 3754 nulli
833 3687 992 3776 cognitus,
1016 3687 1187 3759 Astensem
1216 3687 1309 3754 intrat
1338 3685 1461 3768 urbem,

326 3881 357 3934 (a)
368 3881 408 3926 ,tt
422 3887 564 3926 temnentes

275 4063 289 4092 ι
300 4043 345 4116 qui
363 4053 437 4108 tunc,
461 4038 589 4096 defuncto
611 4051 695 4112 patre,
714 4039 844 4111 regnabat
923 4039 966 4110 (2)
982 4037 1130 4094 Credianao
1145 4037 1191 4112 pio
1210 4037 1366 4094 numdibile
1380 4037 1407 4094 la
1422 4051 1462 4094 te·

274 4127 436 4197 «ingratum
454 4141 484 4180 se
509 4125 589 4180 sciret
609 4121 765 4195 Bayiard'mi
783 4123 845 4178 bor·
888 4121 1068 4178 stimooianza
1083 4123 1126 4178 del
1142 4123 1185 4190 C.,
1204 4123 1256 4178 che
1274 4123 1335 4178 ciot
1349 4122 1461 4194 I’itnpe·

274 4229 288 4258 ι
300 4221 365 4274 tatu,
383 4207 540 4280 NogaroIae
561 4224 606 4262 rus
625 4207 697 4280 quod
717 4205 844 4262 Maeuiae
888 4219 977 4262 ratore
996 4223 1052 4262 nott
1070 4223 1193 4280 passasse
1210 4207 1237 4263 Ie
1255 4207 1320 4278 Alpi
1335 4207 1388 4262 che
1406 4221 1460 4260 eon

275 4289 397 4346 «finibus
418 4289 618 4346 conterminum
643 4289 777 4346 aeden...
795 4289 844 4344 ha·
889 4307 925 4344 un
941 4289 1048 4361 seguito
1063 4289 1088 4344 di
1110 4305 1161 4360 50⁰
1178 4289 1313 4344 caraiieti.
1349 4287 1371 4342 tt
1391 4289 1460 4342 duca

275 4375 396 4430 «bitator
410 4374 558 4430 Incoluit».
888 4375 1034 4438 annania,
1054 4371 1146 4428 Guido
1165 4372 1198 4428 ed
1218 4373 1282 4444 Ugo
1303 4370 1414 4428 Delftno
1433 4371 1460 4426 di

309 4459 352 4529 (t)
373 4457 417 4516 (Ξῖ.
443 4457 477 4514 G.
495 4457 655 4514 Vnumne
674 4457 770 4514 Chaon.
789 4459 843 4514 Ast.
888 4457 1004 4522 Vienna,
1019 4473 1035 4512 e
1053 4455 1159 4530 Filippo
1174 4455 1202 4511 di
1221 4455 1321 4512 Saroia
1341 4453 1378 4528 gii
1397 4471 1460 4512 ave·

275 4543 370 4610 LVIII,
384 4557 444 4612 ato,
461 4543 529 4598 Ata.
543 4541 691 4608 Mussam,
706 4541 773 4598 Hira
789 4545 845 4598 Au·
888 4559 960 4598 vano
975 4557 1118 4616 promesso
1133 4542 1161 4596 In
1180 4541 1284 4596 diversa
1303 4540 1404 4596 misum
1423 4557 1460 4596 un

272 4635 352 4700 pota,
385 4626 406 4692 1,
428 4627 500 4682 rubr.
526 4641 554 4682 x.
602 4625 666 4682 atta
693 4637 793 4682 veneta
816 4625 844 4681 di
889 4627 1063 4700 contingente
1078 4625 1210 4681 d'uomini
1226 4623 1281 4680 edi
1299 4623 1397 4680 cavalli
1412 4641 1460 4698 pet

274 4710 378 4766 Matteo
398 4709 523 4766 visconti
548 4711 577 4766 itt
601 4709 660 4766 Asai
685 4725 843 4766 acemnano
889 4711 1032 4776 ciascuno;
1051 4727 1095 4766 tna
1115 4707 1162 4766 tali
1181 4709 1277 4764 sussIdI
1293 4724 1349 4764 non
1368 4709 1390 4765 si
1408 4721 1461 4764 tto·

275 4797 362 4852 anche
382 4795 412 4850 Β.
430 4794 568 4860 Moatota,
598 4795 679 4864 I,v1,
702 4809 767 4866 ¹097
791 4793 843 4849 eII
888 4793 1461 4865 taronocougl'imperialiinAati,conte

275 4879 572 4950 Fmero‚1V,1057.
888 4876 1356 4948 vorrebbeiiFeatteto‚IV,1058.
1393 4877 1460 4934 CosI

381 4999 401 5046 1.
413 4999 442 5046 de
456 4999 598 5046 Commta.
1342 5011 1354 5056 ³
