3860 5890
642 571 670 629 l.
699 571 755 628 DE
784 571 1096 628 CERMENATE.
1397 573 1453 622 101

274 811 306 862 et
324 793 476 883 cuiusque
494 791 629 860 duitads
647 789 859 860 lombardiae
875 789 1020 882 probrgis
1032 789 1127 881 plena
1142 789 1210 874 luit,
1228 807 1260 858 et
1276 789 1458 888 Passatinus

274 908 315 978 de
337 907 367 976 la
386 909 489 976 Turre
507 905 625 976 ibidem
644 904 749 975 rect'or
764 905 900 974 efficitur
914 905 959 974 (¹).

339 1023 442 1092 XLV.
479 1023 569 1090 Haec
585 1021 638 1090 ubi
651 1043 707 1090 rex
721 1021 879 1090 Henricus
892 1019 1000 1103 sensit,
1017 1039 1140 1088 mutato
1155 1017 1299 1102 consilio,
1314 1019 1347 1087 in
1359 1019 1459 1088 Lom-

276 1137 417 1208 bardiam
436 1137 588 1208 comitem
607 1137 797 1207 varnerium
817 1135 1059 1206 Tbeutonicum
1079 1135 1177 1220 misit,
1192 1136 1298 1204 vuum
1316 1135 1350 1204 in
1365 1135 1460 1204 armis

274 1271 452 1344 expertum,
464 1253 513 1322 eui
529 1253 562 1322 in
575 1271 641 1322 tota
661 1251 851 1320 lombardia
867 1250 994 1321 titulum
1010 1249 1167 1341 generalis
1178 1250 1345 1319 vicariatus
1358 1245 1459 1334 dedit;

275 1389 342 1436 non
354 1383 519 1456 propterea
531 1385 638 1436 tarnen
654 1365 837 1456 Philippum
851 1365 891 1434 de
901 1365 1057 1434 Sabaudia
1068 1383 1289 1454 suapotestate
1300 1363 1461 1446 minuens,

229 1507 244 1572 5
276 1505 334 1551 nee
353 1481 501 1572 reliquos,
525 1503 605 1572 quos
625 1480 752 1550 urbibus
777 1481 992 1564 constituerat,
1015 1503 1169 1550 revocans
1184 1481 1229 1548 (²).
1275 1479 1327 1548 bic
1351 1501 1461 1548 comes

275 1595 413 1684 primurn
433 1596 582 1686 applicuit
606 1593 726 1679 Laude,
740 1596 846 1686 ibique
864 1594 974 1664 sedern
994 1595 1115 1687 eligens
1134 1595 1367 1666 Gibellinorum
1383 1615 1461 1662 con·

275 1709 381 1778 silium
410 1729 515 1792 vocat,
545 1712 665 1780 eunetis
695 1710 850 1780 mandans
880 1730 915 1781 ut
949 1711 1072 1800 legatos
1105 1730 1138 1780 et
1159 1709 1329 1800 syndicum
1357 1706 1396 1776 ad
1426 1729 1461 1776 se

276 1823 428 1894 mandent
454 1843 639 1894 metaturus
657 1847 767 1894 secum
791 1827 959 1916 negotium
983 1825 1098 1916 agendi
1123 1825 1194 1894 belli
1214 1845 1322 1894 eontra
1342 1823 1460 1892 hostes.

276 1938 315 2008 ad
333 1961 430 2030 quem
454 1939 599 2030 legantur
620 1963 676 2030 per
693 1963 867 2010 commune
887 1939 1061 2008 Mediolani
1080 1939 1264 2010 Franciscus
1281 1939 1323 2008 de
1341 1937 1462 2009 Garba-

209 2076 248 2124 ro
275 2072 382 2142 gnate,
395 2073 427 2123 et
444 2052 612 2124 Adoardus
628 2053 668 2124 de
687 2055 857 2138 Pirovano,
877 2074 909 2124 et
927 2077 1002 2145 ego,
1012 2074 1048 2124 ut
1066 2054 1216 2144 syndicus
1230 2053 1275 2120 (¹).
1320 2069 1462 2122 eaeterm

274 2189 378 2252 taceo,
400 2191 442 2238 ne
464 2169 602 2238 nimium
621 2191 737 2238 morer.
782 2170 837 2260 qui
850 2190 1020 2260 postquam
1040 2192 1228 2252 convenere,
1248 2167 1409 2259 postulant
1423 2165 1462 2234 ab

275 2307 315 2352 eo
330 2285 463 2374 quisque
481 2303 517 2353 ut
531 2281 698 2352 rebellibus
721 2285 785 2353 suis
804 2283 923 2355 bellum
947 2283 1035 2354 ferat
1081 2284 1189 2354 exules
1203 2305 1292 2366 vero,
1311 2305 1329 2350 a
1347 2281 1462 2372 quibus

275 2399 414 2484 exulant,
430 2398 522 2468 urbes
545 2399 720 2490 expugnari
736 2417 790 2468 aut
804 2397 942 2468 obsideri
957 2399 1080 2468 volunt.
1125 2421 1263 2488 quonam
1279 2395 1462 2466 Frederieus

276 2513 315 2582 dc
334 2513 574 2582 Archidiaconis
598 2512 746 2584 mandata
777 2513 948 2584 coerulum
972 2515 1154 2584 Cremonae
1179 2513 1294 2596 serem,
1316 2533 1464 2602 praesen·

210 2651 246 2718 ¹5
275 2629 358 2698 tibus
384 2629 451 2696 aliis
474 2629 731 2700 ambatatoribus
754 2649 786 2698 et
810 2629 960 2718 syndieis,
984 2629 1091 2698 multis
1114 2626 1289 2698 rationibus
1312 2647 1345 2696 et
1370 2649 1463 2718 argu-

276 2745 391 2814 mentis
414 2743 509 2814 docet
538 2744 578 2814 de
600 2743 682 2814 facili
713 2743 909 2814 Cremonam
934 2745 1109 2834 recuperari
1140 2765 1237 2834 posse
1264 2761 1295 2812 et
1318 2741 1358 2812 ad
1381 2743 1463 2832 regis

275 2858 424 2928 mandata
435 2859 527 2928 trahi.
574 2859 618 2928 sie
629 2859 809 2949 Papienses,
821 2859 867 2928 sic
885 2859 937 2928 alii
950 2859 1060 2930 exules
1072 2859 1176 2940 urbes,
1192 2859 1306 2950 quibus
1318 2857 1460 2940 exulant,

275 2975 344 3044 sola
366 2997 517 3064 agrorum
541 2975 758 3066 populatione,
789 2975 893 3044 immo
915 2975 1011 3043 etiam
1042 2971 1222 3044 dummodo
1251 2973 1284 3042 id
1313 2973 1462 3056 minetur,

275 3089 449 3178 recuperari
463 3109 557 3178 posse
576 3106 731 3158 assentnt.
777 3088 825 3156 his
842 3087 1099 3156 contentionibus
1116 3084 1258 3176 pluribus
1276 3103 1308 3155 et
1333 3085 1463 3155 diversis

205 3223 248 3272 20
275 3201 415 3272 consiliis
428 3221 554 3294 tempus
569 3221 675 3273 terunt
689 3203 736 3286 (⁸),
750 3225 810 3272 nec
823 3199 901 3271 dum
917 3201 993 3294 quid
1011 3201 1175 3292 agendum
1198 3203 1239 3270 sit
1256 3203 1461 3270 terminatum

275 3337 333 3400 esa,
353 3316 431 3388 dum
446 3319 579 3410 quisque
601 3319 781 3410 legatomm
799 3319 967 3410 praecipue
986 3319 1117 3388 exulum
1140 3319 1289 3388 attentius
1303 3319 1340 3374 θ)
1354 3339 1413 3408 pro
1428 3339 1463 3387 se

276 3435 388 3524 arguit,
418 3455 484 3502 non
517 3436 693 3518 communi,
726 3434 781 3504 sed
812 3435 938 3526 propria
965 3433 1097 3506 utilitate
1129 3435 1285 3505 laborans.
1331 3433 1461 3504 tandem

276 3547 462 3616 franciscus
497 3545 537 3616 de
571 3547 774 3639 Garbagnate
807 3549 884 3618 huic
914 3548 1113 3620 contentioni
1143 3547 1242 3618 finem
1275 3547 1380 3632 dedit,
1415 3547 1464 3616 in·

274 3683 408 3752 quaeras:

327 3885 359 3942 (al
373 3883 434 3932 aar.
448 3891 525 3932 meat
578 3885 612 3942 tn)
627 3885 688 3932 arur.
702 3887 809 3934 annas·

309 4071 353 4142 (r)
366 4069 512 4127 Pastarino
524 4071 596 4127 della
607 4071 695 4126 Torre
708 4087 789 4127 come
801 4087 847 4144 po
891 4071 970 4144 Ilm,
983 4071 1063 4140 1106;
1074 4073 1177 4140 Lauro,
1186 4073 1247 4130 Cad
1257 4073 1316 4140 ill,
1327 4089 1369 4146 ate
1378 4073 1462 4144 Farsr,

274 4154 383 4209 destadi
391 4153 594 4210 Cremonanon
604 4171 702 4227 appare
710 4155 846 4212 neiuur·
892 4155 1044 4212 blemort'edt'
1054 4157 1156 4227 Monac,
1165 4155 1266 4228 11,t5a;
1274 4157 1462 4220 eruotor,

274 4238 523 4306 &magnarum
534 4239 736 4294 cremnensium
745 4239 847 4312 pubbli·
890 4239 1190 4312 numerosarum,
1209 4239 1243 4308 ll,
1265 4255 1321 4309 155.
1352 4239 1464 4295 llFelt·

274 4321 326 4374 cati
336 4321 379 4376 dal
388 4323 554 4389 Mutaroru,
563 4323 845 4392 Rer.1t.Scr.Vll‚654.
889 4321 957 4395 berg
970 4323 1042 4378 uella
1055 4327 1100 4382 cit.
1109 4323 1253 4390 memoria,
1266 4341 1292 4397 p.
1308 4339 1463 4392 13,auanta

275 4403 463 4478 DopoPietro
482 4405 556 4461 dela
573 4405 668 4462 Valata
684 4407 727 4462 dei
743 4407 846 4463 Consa-
890 4405 1039 4479 l'opioione
1060 4407 1112 4462 che
1134 4407 1177 4463 dal
1200 4423 1231 4463 ta
1254 4405 1374 4462 sebbraio
1396 4421 1461 4480 ¹³¹²

274 4487 380 4556 looieri,
397 4489 510 4562 podera
528 4489 574 4545 nel
592 4505 667 4560 1310,
686 4491 845 4548 ritroviamo
890 4490 1052 4563 1’Homberg
1069 4491 1148 4546 abbia
1174 4503 1319 4564 surrogato
1337 4490 1355 4546 il
1380 4503 1462 4548 conte

273 4573 301 4627 in
325 4571 415 4644 quella
438 4571 508 4640 lista,
532 4573 584 4630 due
611 4575 675 4630 anni
702 4593 845 4648 appresso:
891 4577 1016 4632 Amedeo
1031 4577 1170 4632 diSavoia
1185 4577 1230 4632 nel
1240 4577 1370 4632 vicanum
1383 4591 1464 4648 geae-

275 4675 288 4704 r
301 4655 467 4712 Gerardinus
480 4658 513 4712 de
523 4657 633 4731 Empoli
642 4659 676 4714 de
686 4659 811 4716 Robertis
820 4679 844 4714 s.
890 4659 945 4716 tale
958 4661 986 4716 di
999 4661 1172 4728 lombardia,
1187 4677 1233 4716 ma
1247 4677 1304 4716 non
1319 4661 1355 4716 ba
1367 4671 1462 4717 muto

308 4737 351 4810 (a)
370 4739 418 4794 Sul
437 4753 518 4796 conte
536 4741 670 4797 Wernher
684 4759 739 4798 von
758 4743 845 4799 Hom·
889 4756 974 4800 conto
986 4743 1226 4802 dell'attestarione
1244 4745 1289 4801 del
1308 4745 1342 4802 C.

198 4857 205 4870 .
273 4819 382 4894 berges.
395 4823 489 4878 chron
504 4823 611 4880 uorsa.
623 4825 650 4879 di
664 4825 693 4880 B.
705 4826 844 4894 Mortem,
923 4827 967 4900 (3)
985 4829 1055 4884 vedl
1073 4829 1100 4884 la
1118 4827 1285 4886 Prdadone.
