3860 5884
526 531 570 616 48
999 543 1243 602 utsrontn

526 789 698 850 consensu,
716 765 768 835 vel
786 765 942 850 dissensu,
961 785 1016 838 aut
1033 767 1108 858 ipsis
1126 765 1357 858 ignorantibus,
1376 785 1467 837 extra
1485 785 1612 858 portam
1634 767 1721 836 Tici-
1748 791 1765 838 2
1768 793 1783 860 5

526 903 662 950 nensem
684 905 751 950 non
774 881 872 972 longe
894 905 913 949 a
936 901 1035 972 ponte
1059 881 1204 952 Cretario
1222 882 1258 938 (¹)
1273 863 1338 952 una
1361 902 1473 952 contra
1490 905 1602 973 regem
1621 883 1721 952 collo·

526 999 601 1088 quia
623 997 770 1066 habuisse
794 995 951 1067 dicuntur.
996 1021 1111 1067 verum
1133 999 1218 1088 quia,
1240 999 1371 1067 remotis
1395 1021 1413 1066 a
1435 1021 1470 1066 se
1493 998 1626 1083 arbitris,
1645 999 1721 1090 quid

527 1111 674 1196 dixerint,
693 1111 809 1202 quIdve
834 1113 1045 1196 tractaverint,
1069 1111 1288 1196 referentibus,
1311 1135 1424 1202 parum
1447 1111 1521 1181 fidei
1544 1111 1721 1182 adhibitum

527 1247 585 1310 est,
613 1227 646 1296 id
668 1247 794 1296 tantum
812 1229 821 1320 l
839 1229 1015 1319 suspitione
1039 1251 1106 1298 non
1125 1229 1225 1298 caruit
1242 1228 1287 1297 (¹).
1334 1251 1411 1298 nam
1431 1251 1507 1297 cunt
1525 1229 1565 1297 ab
1583 1228 1647 1297 hoc
1666 1229 1720 1296 de-

526 1343 676 1412 cederent
701 1343 873 1434 colloquio,
897 1344 931 1414 in
954 1345 1086 1434 signum
1113 1343 1198 1430 fidei,
1217 1344 1344 1414 dextras
1366 1343 1490 1414 dedisse
1513 1363 1609 1435 atque
1631 1367 1721 1413 acce·
1749 1367 1785 1434 30

527 1459 609 1550 pisse
621 1457 781 1542 seruntur;
795 1457 944 1549 quodque
956 1459 992 1516 Φ)
1003 1459 1102 1528 videti
1117 1478 1211 1550 atque
1225 1460 1300 1528 satis
1316 1458 1484 1529 manifeste
1499 1456 1652 1550 perpendi
1665 1481 1723 1549 po·

527 1577 596 1644 tuit.
642 1575 719 1665 quid
738 1575 827 1642 enim
852 1593 919 1644 tam
938 1574 1088 1644 adversae
1111 1574 1257 1645 factionis
1275 1577 1454 1665 primorum
1472 1575 1628 1644 iuvenum
1648 1575 1722 1642 soli·

528 1689 643 1760 tarium
659 1687 866 1780 colloquium,
881 1689 958 1779 quid
972 1709 1040 1758 tam
1057 1689 1225 1760 rebellibus
1244 1709 1276 1760 et
1293 1689 1461 1760 hostilibus
1476 1691 1590 1760 iunctis
1606 1687 1723 1768 dextris

528 1805 601 1875 data
611 1804 703 1887 fides,
715 1805 990 1875 circumstantium
1001 1805 1197 1875 famulorum
1211 1803 1488 1896 interpretantibus
1500 1805 1626 1888 animis,
1639 1803 1723 1874 aliud

527 1919 706 2011 significare
716 1938 851 2010 poterat,
865 1943 963 2010 quarn
978 1940 1089 1990 contra
1102 1921 1199 1990 nimis
1213 1921 1361 1990 odiosam
1376 1921 1560 1992 Germanici
1574 1922 1723 2012 principis
1749 1941 1783 2009 35

528 2035 588 2105 sibi
605 2037 674 2104 vim
692 2035 830 2126 parantis
844 2037 1022 2126 potentiam
1036 2059 1123 2105 nova
1137 2037 1269 2106 consilia
1282 2037 1390 2106 sumi?
1429 2059 1555 2119 verum,
1572 2037 1622 2106 cui
1638 2055 1723 2106 certa

528 2150 607 2220 fides
623 2149 764 2220 adhiberi
780 2152 882 2240 possit
899 2169 966 2220 tam
984 2152 1131 2243 vulgatae
1146 2155 1201 2236 rei,
1218 2153 1324 2222 nullus
1340 2171 1451 2223 auctor
1467 2152 1537 2222 fuit.
1583 2149 1640 2222 sed
1659 2151 1723 2220 for·

528 2285 617 2350 tuna,
631 2269 720 2337 cuius
738 2268 819 2337 ordo
837 2286 885 2337 est
898 2287 1014 2338 cuncta
1028 2267 1234 2350 confundere,
1249 2271 1277 2339 si
1294 2291 1372 2338 suae
1387 2267 1502 2338 dentur
1517 2291 1610 2337 curae
1626 2269 1723 2338 etiam

529 2405 603 2452 cum
614 2406 713 2474 prope
724 2383 876 2474 disposita
889 2383 1067 2468 videantur,
1075 2385 1153 2454 haec
1164 2408 1292 2477 quoque
1304 2384 1410 2454 forent
1421 2384 1553 2454 consilia
1566 2386 1722 2455 iuvenum

527 2516 622 2583 tecta,
633 2522 726 2568 caeca
741 2521 840 2569 mann
849 2499 885 2556 (θ
894 2499 1039 2585 volvens,
1051 2499 1239 2592 abliusidiis
1254 2523 1365 2591 regem
1384 2500 1490 2570 subito
1501 2499 1627 2570 salvum
1636 2499 1721 2570 fecit
1747 2517 1784 2584 40

528 2637 605 2684 nam
624 2613 878 2698 Franciscltinus,
898 2613 938 2684 de
957 2615 1119 2706 colloquio
1133 2615 1270 2698 rediens,
1288 2618 1474 2707 priusquam
1488 2617 1627 2707 genitori
1641 2639 1723 2707 quae

527 2749 668 2820 gesserat
686 2753 760 2800 curn
779 2750 868 2799 novo
886 2731 1127 2801 vicecomite«)
1140 2733 1317 2817 nunciaret,
1334 2731 1415 2802 adeo
1430 2733 1515 2802 laeto
1534 2733 1638 2816 vultu,
1654 2755 1723 2801 am·

528 2843 624 2936 bigua
637 2865 670 2916 et
680 2845 715 2902 (²)
733 2869 815 2936 quae
829 2844 1021 2916 notabantur
1030 2847 1129 2917 verba
1142 2848 1270 2932 iaciens,
1283 2849 1404 2939 apernit
1423 2871 1469 2932 se,
1483 2867 1519 2918 ut
1537 2871 1604 2918 non
1619 2847 1722 2918 modo

528 2963 695 3044 comitum,
707 2985 821 3030 verum
832 2961 928 3030 etiam
939 2961 1134 3032 famulorum
1145 2961 1374 3032 inferiortnrba
1385 2963 1503 3033 domus
1514 2963 1720 3034 concordiam

526 3079 706 3169 principum
716 3079 886 3168 'utriusque
913 3077 1059 3148 factionis
1087 3100 1154 3148 non
1183 3079 1290 3148 solum
1308 3081 1342 3148 in
1366 3077 1437 3149 aula
1459 3081 1527 3149 eius
1550 3079 1720 3170 praedicet,
1746 3096 1781 3163 45

526 3193 583 3263 sed
600 3195 694 3263 variis
709 3193 910 3262 sermonibus
929 3211 1061 3263 cunctos
1077 3192 1162 3262 urbis
1176 3193 1266 3262 vicos
1280 3194 1399 3284 repleat
1416 3194 1462 3262 (f).
1509 3194 1627 3264 Galeaz
1642 3217 1720 3264 vero

527 3329 640 3379 cuncta
657 3309 854 3380 dissimulare
868 3309 904 3366 (¹)
920 3308 1054 3391 doctior,
1073 3309 1191 3400 quippe
1210 3308 1352 3378 moribus
1371 3328 1403 3379 et
1417 3328 1519 3378 aetate
1537 3308 1719 3399 perfectior,

527 3427 652 3496 nullum
678 3426 753 3496 inde
779 3427 844 3496 suis
866 3447 926 3494 nec
952 3425 1062 3516 lingua
1091 3447 1152 3494 nec
1173 3424 1264 3495 vultu
1292 3424 1432 3495 notabiIe
1462 3427 1595 3514 signnm
1621 3424 1718 3494 dedit.

527 3541 614 3631 quod
633 3543 686 3610 ubi
704 3544 843 3632 percepit
857 3539 978 3624 Guido,
994 3559 1081 3623 nato,
1097 3540 1156 3610 sibi
1171 3562 1253 3632 quae
1272 3563 1347 3610 cum
1365 3539 1483 3610 Galeaz
1500 3543 1533 3609 iu
1557 3539 1718 3632 colloquio

528 3675 715 3727 tractaverat
725 3657 883 3740 referenti,
897 3658 1021 3748 saepius
1036 3656 1153 3726 dixisse
1165 3655 1289 3727 serunt:
1313 3657 1484 3726 «solertior
1497 3659 1530 3727 in
1544 3657 1718 3747 colloquio,
1747 3671 1783 3740 50
1855 3733 1856 3736 Ἴ

529 3795 565 3842 ac
583 3795 689 3842 rerum
704 3773 832 3862 peritior
846 3771 882 3828 (l)
900 3790 1007 3841 tecum
1027 3771 1095 3840 fuit.
1140 3773 1212 3862 plus
1230 3789 1261 3840 te
1280 3773 1358 3840 sciet
1376 3772 1430 3860 ml

596 3887 722 3958 XXIII.
768 3887 901 3958 Interim
920 3909 1079 3956 consensu
1094 3888 1273 3977 principum
1287 3887 1452 3977 utriusque
1466 3885 1563 3976 partis
1578 3885 1719 3976 plerique

530 4001 680 4072 obsidum
694 4025 805 4093 regem
820 4001 948 4084 adeunt,
963 4025 1061 4092 seque
1075 4001 1233 4070 affirmant
1251 4023 1311 4070 nec
1326 4024 1392 4070 non
1408 4020 1548 4070 caeteros
1568 4000 1718 4070 collectos

529 4142 632 4212 aequo
648 4119 758 4188 animo
776 4121 835 4188 iter
848 4141 958 4188 secum
969 4117 1083 4201 facere,
1096 4119 1175 4188 dum
1187 4118 1354 4187 communi
1366 4141 1436 4188 aere
1452 4115 1608 4208 stipendia
1621 4116 1719 4208 digna

581 4331 611 4386 (a)
623 4325 789 4386 Bbtdltibitnm
796 4335 837 4374 est.
859 4327 881 4373 id
891 4323 1185 4384 tamenneqnetosplclone
1194 4325 1334 4380 mmitnm
1375 4325 1528 4384 solAaidqoe
1570 4325 1600 4382 (e)
1611 4323 1718 4370 Bbmcu

528 4423 596 4457 maun
650 4407 823 4468 (dlecomite
877 4407 906 4462 (e)
922 4405 999 4452 1an
1013 4417 1096 4452 manea
1106 4405 1146 4451 f'et
1199 4405 1227 4462 (i)
1243 4405 1282 4450 et
1296 4405 1365 4464 replet
1406 4403 1719 4464 (gllibtimnltreetdisti-

528 4491 613 4538 molare
668 4489 699 4547 (b)
714 4489 757 4536 Aa
771 4487 846 4548 potior

562 4676 803 4752 (1)FuotIportt
822 4675 1100 4750 Ticinese,ne'pratl
1145 4673 1324 4742 Futtsomtn
1358 4675 1461 4732 Vitanda
1494 4673 1521 4731 at
1547 4676 1646 4732 Milaao
1676 4675 1719 4730 du·

527 4761 738 4836 vlclnielponte
752 4761 883 4818 Credsrio
893 4775 986 4834 presso
997 4757 1101 4814 laVec·
1145 4759 1249 4815 rosula
1257 4777 1350 4832 guerra
1367 4777 1415 4818 ron
1429 4759 1547 4834 chemgo
1556 4759 1587 4826 1,-
1604 4757 1717 4824 llllano,

529 4847 643 4904 chlabia
683 4845 726 4904 Ci.
754 4847 881 4914 Grutntr,
905 4845 979 4912 VIII,
1003 4843 1100 4914 624,e
1146 4843 1295 4914 Colombo,
1315 4845 1390 4916 1855,
1405 4863 1431 4918 p.
1448 4843 1507 4900 286.
