3860 5890
605 551 632 606 1.
662 549 719 607 nra
747 549 1065 608 crnusnarn.
1369 555 1429 620 105

239 795 287 844 est
299 775 368 844 latis
384 775 513 863 campis.
561 773 658 862 captis
674 773 780 862 itaque
794 789 826 838 et
840 771 880 839 ad
896 770 1020 840 libitum
1035 771 1147 840 deletis
1163 769 1318 856 hostibus,
1335 773 1430 862 signo

239 890 354 960 deinde
369 889 508 979 receptui
521 887 607 970 dato,
620 909 728 954 comes
742 907 850 954 versus
859 887 893 942 (⁸)
905 887 1083 955 Soncinum
1092 885 1205 970 tendit,
1219 889 1309 956 cuius
1321 909 1431 957 muros

240 1005 452 1096 frequentium
467 1003 607 1070 hostiurn
619 1003 682 1068 iam
691 1019 798 1068 tamen
809 1019 954 1092 percepta
968 1002 1110 1070 novitate
1123 1003 1309 1092 paventium
1319 1001 1432 1092 plenos

171 1147 212 1212 30
240 1119 327 1188 vidit.
364 1139 395 1186 at
411 1117 466 1200 illi,
479 1135 514 1184 ut
533 1133 609 1184 nota
623 1137 756 1184 suorum
772 1117 877 1204 signa,
896 1133 930 1182 ut
948 1115 1091 1204 captivos
1108 1115 1215 1184 videre
1230 1116 1362 1206 turpiter
1375 1139 1431 1206 per

240 1257 353 1304 terram
371 1233 460 1314 trabi,
477 1231 591 1300 deinde
606 1229 758 1300 confirsos
774 1230 956 1300 vulneribus
971 1232 1170 1322 captivorum
1190 1233 1308 1302 civium
1323 1234 1430 1302 vultus

240 1370 313 1420 ante
336 1348 547 1418 exultantium
579 1345 721 1416 hostium
748 1347 830 1414 acies
849 1344 933 1428 duci,
953 1347 1037 1414 illico
1056 1369 1132 1416 suae
1150 1349 1247 1436 pestis
1270 1349 1356 1432 certi,
1375 1373 1432 1438 ge-

240 1467 310 1534 latis
325 1487 443 1554 pavore
458 1465 572 1532 animis
587 1459 712 1532 confusi
731 1481 814 1544 sunt,
830 1480 861 1530 et
876 1461 1000 1552 perdito
1013 1485 1131 1552 pavore
1147 1463 1292 1544 consilio,
1306 1462 1430 1532 nullum

239 1583 403 1674 pugnandi
427 1603 480 1652 aut
503 1580 646 1672 fugiendi
670 1581 816 1650 ordinem
837 1579 986 1665 habuere,
1008 1581 1110 1649 immo
1128 1583 1262 1672 quisque
1277 1582 1335 1650 sibi
1351 1606 1427 1653 con·

172 1719 208 1786 35
240 1699 323 1768 sulit.
368 1717 458 1788 porta
482 1696 599 1786 oppidi,
619 1719 700 1787 quae
717 1719 826 1765 versus
845 1697 1044 1766 Cremonam
1063 1697 1198 1788 respicit,
1217 1697 1342 1788 patebat
1355 1699 1429 1767 sub·

240 1815 355 1882 sidium
372 1829 554 1902 expectans,
574 1833 670 1902 quam
691 1808 834 1879 medium
852 1813 956 1900 stagni
975 1813 1112 1898 spatium
1129 1834 1145 1878 a
1162 1811 1266 1879 subito
1285 1809 1428 1880 bostium

240 1929 359 2016 impetu
383 1923 582 1994 defendebat.
629 1925 705 1994 binc
734 1925 917 1992 Passerinus
941 1923 980 1992 de
1004 1925 1032 1992 la
1056 1925 1160 1994 Turre
1183 1927 1265 1995 inter
1287 1949 1429 2016 pugnam

239 2063 333 2131 atque
356 2039 466 2130 fugam
498 2039 612 2110 dubius
642 2043 717 2110 exit.
763 2061 935 2110 exeuntem
965 2041 1104 2132 plerique
1127 2043 1228 2112 secuti
1248 2061 1332 2110 sunt.
1378 2043 1430 2111 ille

239 2175 347 2226 autern
366 2175 401 2224 ut
419 2157 574 2246 imparem
594 2155 740 2225 hostibus
759 2155 897 2224 militum
922 2177 1058 2224 numero
1088 2171 1183 2245 atque
1202 2157 1312 2224 animo
1331 2155 1429 2239 videt,

169 2294 211 2358 4⁰
238 2267 418 2356 timensque
437 2289 477 2334 ne
505 2267 537 2334 in
560 2265 675 2335 offensi
694 2265 862 2336 Cressonis
886 2287 1001 2334 manus
1024 2265 1125 2348 cadat,
1148 2289 1210 2356 qua
1232 2267 1332 2336 tutior
1354 2267 1430 2358 fuga

239 2383 305 2448 visa
335 2401 381 2450 est
405 2381 491 2448 viam
521 2401 617 2450 tenet.
663 2403 738 2450 eum
762 2381 895 2450 minime
918 2399 1151 2471 persequuntur
1174 2383 1272 2451 nostri
1296 2384 1428 2472 equites,

177 2509 185 2532 ·
238 2497 294 2566 sed
324 2497 430 2586 potius
458 2496 499 2564 ad
528 2495 718 2586 patefactam
740 2493 848 2586 oppidi
879 2513 1014 2586 portam,
1038 2519 1093 2586 per
1120 2519 1217 2586 quam
1246 2495 1426 2587 frequentes

239 2607 347 2678 hostes
360 2607 499 2700 fugiunt,
509 2609 621 2700 rapido
633 2633 727 2678 cursu
738 2608 885 2690 tendunt,
904 2627 936 2678 et
953 2609 1068 2698 quibus
1083 2629 1217 2698 possunt
1232 2611 1319 2678 viam
1332 2609 1426 2700 fugae

239 2724 398 2794 claudunt.
445 2725 498 2814 qui
527 2747 605 2792 vero
635 2723 713 2792 tardi
743 2741 853 2793 contra
876 2724 1018 2794 hostium
1041 2745 1210 2792 occursum
1233 2723 1344 2814 fugam
1368 2727 1428 2794 mi·

169 2867 188 2932 4
192 2865 208 2930 5
238 2839 325 2908 nime
340 2859 442 2908 tutam
458 2859 581 2928 putant,
593 2841 690 2908 versis
705 2862 862 2929 equorum
880 2839 1003 2922 fraenis,
1019 2839 1134 2908 iterum
1150 2857 1287 2908 castrum
1301 2858 1423 2929 petunt.

238 2951 297 3022 bos
310 2953 512 3042 insequentes
527 2953 638 3034 nostri,
650 2952 728 3021 dum
741 2952 923 3021 cedentium
940 2973 1028 3043 terga
1043 2951 1189 3036 meduna,
1204 2975 1261 3041 per
1278 2952 1426 3021 eamdem

237 3087 361 3158 portam
381 3069 471 3136 mixti
494 3091 603 3137 secum
622 3068 753 3136 vadunt.
800 3070 862 3136 iam
885 3069 939 3158 qui
963 3069 996 3136 in
1019 3089 1091 3136 arce
1106 3087 1172 3135 tam
1191 3067 1362 3157 opportuni
1377 3069 1425 3136 in·

238 3183 337 3252 sultus
370 3205 467 3273 quarn
499 3183 643 3274 praesidii
678 3206 773 3252 causa
800 3204 900 3267 erant,
928 3201 1077 3274 percepto
1104 3203 1232 3252 rumore
1263 3183 1427 3264 victoriae,

237 3293 343 3364 subito
365 3295 507 3366 medium
531 3299 613 3366 muri
642 3297 718 3366 sicci
742 3296 940 3366 obstaculum
964 3297 1003 3366 ad
1026 3296 1132 3365 solum
1156 3294 1304 3366 firndunt.
1351 3315 1427 3364 tunc

168 3435 211 3503 50
238 3413 360 3480 cunctis
378 3410 564 3502 sequacibus
587 3412 751 3483 Guillelmi
775 3411 1018 3497 Cavalcabovis,
1037 3413 1092 3503 qui
1111 3435 1195 3502 equo
1213 3429 1352 3480 armatus
1367 3412 1427 3480 ho·

237 3524 336 3594 stibus
355 3527 520 3596 introitum
538 3527 678 3598 inhibere
697 3529 837 3620 parabat,
851 3528 932 3598 adeo
948 3531 1045 3598 crevit
1058 3549 1169 3618 pavor,
1184 3547 1219 3596 ut
1235 3551 1276 3596 ne
1292 3525 1422 3618 quidem

238 3641 380 3708 animum
412 3640 451 3708 ad
481 3666 624 3733 pugnam
648 3643 782 3712 liberum
806 3667 909 3734 neque
937 3645 1033 3734 fugae
1061 3665 1241 3712 memorem
1264 3663 1423 3733 caperent.

237 3755 428 3824 Guillelmus
443 3757 592 3846 pristinae
611 3761 734 3828 virtutis
750 3781 786 3828 ac
802 3783 877 3828 suae
892 3759 1053 3848 dignitatis
1068 3781 1206 3840 memor,
1221 3777 1256 3826 ut
1272 3757 1425 3826 comitem

237 3871 427 3940 Varnerium
451 3895 487 3939 ac
516 3893 573 3940 sua
596 3875 687 3962 signa
711 3875 790 3942 intra
813 3895 922 3942 muros
946 3873 1044 3954 videt,
1063 3875 1169 3964 paucis
1188 3897 1264 3942 eum
1287 3893 1426 3962 sequen·

169 4007 183 4072 5
191 4008 207 4073 5
237 3982 331 4068 tibus,
344 3987 480 4054 occurrit
494 3985 564 4068 sibi,
576 4010 674 4077 quem
686 3989 749 4054 iam
765 3987 912 4077 frequens
926 3987 1016 4056 mrba
1029 3987 1242 4056 Theutonum
1261 4006 1424 4076 receptum

236 4099 349 4188 gladiis
362 4121 506 4170 sternunt
519 4103 564 4170 (¹).
600 4105 713 4172 caeteri
730 4127 785 4194 per
796 4103 912 4172 domos
924 4101 1062 4193 fugiunt,
1077 4102 1130 4171 ubi
1145 4105 1278 4193 quisque
1292 4101 1423 4172 deiectis

290 4309 321 4362 (ι)
336 4319 414 4352 tenor
427 4309 453 4354 la
467 4307 528 4354 un.
544 4319 622 4354 maor
635 4309 660 4352 r'a
688 4309 862 4354 varianter
879 4309 1050 4354 lectionar.

270 4481 313 4550 (ι)
333 4479 449 4546 Questo,
468 4481 519 4538 ebe
538 4483 553 4536 b
572 4483 636 4538 trai
655 4483 700 4556 pila
719 4483 807 4538 vivaci
853 4483 879 4538 di
894 4483 1133 4548 Milano‚trovossi
1146 4483 1424 4539 colconteWernber

236 4565 346 4634 capitoli
352 4565 424 4620 della
434 4583 560 4632 cronaca,
569 4567 605 4622 ba
615 4567 702 4622 anche
718 4567 735 4622 il
752 4583 808 4640 pre·
852 4567 879 4622 di
893 4567 1058 4638 llomberge
1069 4583 1122 4622 eon
1135 4567 1144 4622 i
1157 4567 1337 4638 maggiorenti
1349 4567 1420 4622 della

235 4645 281 4716 gio
297 4647 323 4700 di
339 4663 393 4702 una
411 4649 547 4718 singolare
567 4649 736 4721 importante
755 4663 807 4706 sto·
851 4651 956 4706 fazione
976 4651 1123 4722 ghibeuina
1143 4669 1159 4704 a
1178 4651 1256 4717 Lodi,
1275 4663 1377 4706 mentre
1396 4651 1421 4706 ci

235 4730 304 4794 rica;
322 4731 331 4784 i
346 4732 463 4804 rapporti
482 4731 527 4786 nei
545 4733 619 4804 quali
633 4733 652 4788 il
668 4747 806 4790 narratore
851 4735 942 4792 denno
957 4736 1070 4808 ragione
1085 4737 1112 4791 di
1126 4741 1183 4792 cosl
1200 4737 1289 4808 ampie
1308 4755 1323 4790 e
1342 4737 1422 4809 parti·

234 4825 330 4876 stesso.
349 4829 429 4868 corne
448 4815 552 4870 sindico
571 4815 642 4872 della
667 4818 806 4872 romanica
852 4819 937 4874 colari
961 4819 1160 4886 informationi,
1182 4837 1217 4876 ne
1240 4821 1421 4874 convalidaoo

341 4933 359 4980 f.
373 4935 402 4980 dr
417 4934 559 4983 me.
1290 4941 1315 5000 7·
