3860 5890
514 551 576 598 120
986 542 1232 600 HISTORIA

509 770 591 852 tulit,
615 769 642 838 si
665 789 731 859 quo
754 787 900 858 tempore
923 769 956 836 in
975 789 1091 836 manus
1118 767 1185 836 eius
1204 765 1358 849 inciderit,
1382 767 1551 856 ipsumque
1578 764 1704 834 hostem

509 886 673 977 publicum
697 885 859 954 nunciavit
874 883 919 951 (¹).
966 883 1077 952 urbem
1100 905 1229 973 quoque
1249 883 1381 971 Papiam
1401 900 1432 950 et
1455 881 1540 949 cives
1560 883 1628 950 eius
1646 883 1703 950 ho·
1731 899 1772 966 25

509 1023 572 1072 stes
597 1027 633 1071 ac
659 1002 792 1073 rebelles
815 1001 938 1092 imperii
963 1003 1130 1082 nuncians,
1157 1022 1304 1069 severam
1323 1001 1356 1067 in
1379 1022 1435 1068 eos
1455 999 1648 1068 sententiam
1671 1002 1703 1068 in

508 1119 629 1208 scriptis
652 1117 723 1186 tulit
753 1119 785 1186 in
809 1119 987 1206 praesentia
1010 1137 1143 1186 suornm
1168 1137 1337 1205 procerum
1363 1133 1395 1182 et
1420 1116 1568 1204 copiosae
1596 1115 1702 1183 multi-

508 1233 629 1302 tudinis
646 1233 758 1323 populi
783 1233 899 1314 Pisani,
915 1233 1131 1321 pronuncians
1151 1229 1251 1299 multa
1276 1229 1442 1298 crudeliter
1460 1249 1572 1298 contra
1590 1251 1658 1312 eos,
1670 1249 1701 1299 et

508 1350 590 1431 inter
613 1348 688 1417 alias
719 1348 854 1416 civitatis
890 1369 1012 1428 muros,
1046 1369 1214 1415 murorum
1239 1365 1339 1414 turres
1371 1365 1403 1414 et
1425 1363 1531 1435 portas
1563 1343 1644 1413 duni
1667 1367 1703 1413 ac

509 1463 626 1532 destrui
646 1461 788 1531 funditus
808 1463 904 1551 ipsius
928 1462 1063 1530 civitatis
1082 1459 1280 1551 sumptibus;
1296 1459 1415 1528 lossata
1427 1481 1557 1550 quoque
1577 1477 1609 1527 et
1623 1459 1704 1527 valla
1730 1476 1775 1542 30

509 1581 541 1648 in
559 1579 679 1647 ambitu
695 1578 792 1668 ipsius
811 1577 947 1644 civitatis
963 1576 1044 1644 facta
1064 1576 1223 1666 explanari
1244 1593 1276 1642 et
1294 1574 1427 1664 impleri.
1474 1573 1561 1642 urbis
1575 1597 1703 1666 quoque

509 1693 616 1762 solum
639 1709 778 1761 aratrum
798 1693 873 1781 pati,
894 1692 972 1760 haec
991 1693 1088 1760 etiam
1104 1713 1283 1780 numquam
1306 1690 1393 1760 refici
1411 1687 1529 1780 absque
1547 1690 1702 1761 Caesarea

508 1809 636 1878 licentia
654 1807 792 1897 speciali.
839 1807 942 1897 ipsam
960 1829 1090 1897 quoque
1114 1807 1276 1875 civitatem
1299 1805 1485 1896 privilegiis,
1508 1805 1701 1876 libertatibus

509 1943 540 1994 et
563 1923 819 1992 immunitatibus
835 1923 873 1990 ab
893 1945 933 1990 eo
957 1941 988 1991 et
1007 1921 1259 1990 antecessoribus
1282 1921 1350 1990 eius
1370 1921 1541 2005 concessis,
1555 1943 1616 1990 nec
1634 1944 1700 1992 non

508 2039 632 2107 statutis
648 2055 700 2106 aut
720 2035 1017 2120 consuetudinibus,
1033 2059 1124 2106 mero
1143 2037 1241 2105 etiam
1260 2056 1291 2105 et
1310 2037 1414 2105 mixto
1433 2036 1581 2126 imperio,
1596 2037 1701 2105 omni·
1731 2049 1771 2118 35

508 2178 571 2244 que
594 2153 812 2223 iurisdictione
834 2153 976 2244 privans,
998 2152 1143 2244 pedagia,
1167 2152 1297 2222 telonea
1307 2154 1353 2236 (⁸),
1364 2152 1515 2243 gabellas,
1529 2177 1702 2244 quoscum·

509 2293 571 2359 que
593 2267 733 2338 redditus
748 2269 784 2325 (Β)
798 2291 833 2337 ac
855 2287 1030 2358 proventus
1055 2287 1086 2337 et
1108 2287 1231 2337 caetera
1254 2267 1340 2336 bona
1362 2269 1460 2358 ipsius
1485 2269 1700 2338 universitatis

508 2405 583 2452 suae
608 2385 763 2454 Camerae
787 2382 984 2454 confiscavit.
1031 2385 1167 2467 inristas,
1191 2383 1365 2453 advocatos
1384 2403 1416 2452 et
1429 2383 1616 2452 tabelliones
1635 2385 1700 2453 suis

507 2522 669 2590 quemque
698 2499 838 2589 privavit
868 2498 993 2582 officiis,
1017 2522 1053 2567 ac
1088 2517 1220 2569 cunctos
1250 2499 1475 2590 pronunciavit
1496 2498 1644 2583 infames,
1666 2524 1701 2568 ac

507 2617 688 2707 plerosque,
701 2638 839 2706 quorum
863 2617 997 2684 nomina
1019 2613 1149 2684 inferius
1172 2617 1287 2707 scripta
1309 2634 1394 2701 sunt,
1418 2614 1563 2684 saeviore
1580 2616 1613 2672 l‘)
1629 2639 1699 2684 sen·
1727 2625 1773 2691 40

508 2734 607 2800 tentia
640 2731 781 2815 damnat,
815 2754 897 2820 quos
926 2733 1114 2800 secessionis
1138 2755 1174 2800 ac
1196 2731 1378 2801 rebellionis
1404 2733 1562 2822 principes
1592 2751 1624 2801 et
1646 2755 1699 2801 au·

512 2845 628 2931 ctores,
655 2870 715 2915 nec
737 2869 805 2915 non
823 2846 926 2916 laesae
949 2849 1122 2916 maiestatis
1144 2869 1217 2918 reos
1236 2869 1368 2931 vocans,
1397 2846 1436 2916 de
1460 2866 1531 2916 toto
1552 2849 1700 2919 Romano

506 2961 653 3052 imperio,
668 2960 754 3031 nulla
773 2962 959 3052 interposita
983 2962 1169 3032 conditione
1189 2983 1221 3032 et
1243 2963 1362 3054 absque
1381 2961 1474 3032 ullius
1488 2963 1621 3032 remedii
1639 2981 1700 3032 ter-

506 3079 609 3161 mino,
632 3077 818 3146 exbannivit
840 3096 872 3146 et
904 3076 1067 3148 diffidavit.
1125 3101 1238 3148 eorum
1262 3077 1346 3147 bona
1369 3098 1402 3147 et
1424 3081 1502 3162 iura,
1525 3101 1561 3147 ac
1584 3081 1699 3148 iurium

506 3215 675 3283 rerumque
698 3193 910 3282 quarumlibet
929 3194 1072 3262 actiones
1086 3195 1133 3278 (ἃ),
1153 3219 1234 3285 qnae
1253 3194 1355 3264 modo
1379 3195 1486 3284 aliquo
1510 3193 1602 3262 alicui
1625 3193 1699 3262 ban·
1727 3201 1769 3266 45

506 3309 648 3376 ultorum
668 3327 863 3397 competant,
884 3309 1052 3376 annotavit
1073 3307 1164 3378 fisco.
1210 3311 1296 3398 ipsos
1319 3308 1510 3399 quibuslibet
1528 3309 1698 3398 privilegiis

506 3445 543 3492 ac
569 3421 761 3492 libertatibus
796 3423 937 3514 privatos
972 3443 1124 3514 perpetua
1158 3423 1323 3492 damnavit
1356 3424 1498 3509 infamia,
1536 3427 1579 3493 ita
1612 3423 1699 3515 quod

505 3534 698 3606 intestabiles
717 3562 845 3628 semper
867 3559 985 3622 essent,
1000 3563 1060 3608 nec
1080 3539 1119 3608 ad
1143 3539 1244 3610 ullum
1260 3539 1442 3631 legitimum
1457 3559 1567 3610 aetum
1585 3539 1700 3610 admit-

564 3746 600 3802 (ι)
614 3747 797 3792 Erronenmeate
810 3747 835 3792 ita
849 3747 955 3804 stanam.
969 3747 989 3792 B
1003 3748 1127 3806 molentem
1160 3749 1180 3792 lt
1192 3749 1280 3794 telonea
1292 3753 1330 3793 eta
1340 3761 1386 3806 per
1398 3747 1481 3796 telonia
1503 3747 1544 3808 Cj.
1557 3749 1594 3794 Du
1608 3747 1698 3806 Gange.

503 3825 541 3882 (b)
554 3825 615 3870 Mur.
630 3823 715 3872 reditus
767 3827 803 3883 (e)
817 3826 953 3886 lustenam.
969 3827 1091 3874 Bsaetior
1123 3831 1160 3886 (d)
1174 3830 1236 3877 Mur.
1251 3841 1371 3888 rerumque
1383 3827 1534 3889 quorumlibet
1547 3827 1648 3874 aerioma

540 4006 645 4080 (t)Cl.
668 4007 1079 4066 Sententiadillinitiva
1124 4022 1314 4068 stasentenaa.
1352 4011 1697 4080 cenommannica,

505 4104 626 4148 contra
647 4109 764 4164 regem
783 4093 1079 4151 RobertumSici·
1124 4095 1158 4160 11,
1185 4110 1251 4162 241:
1283 4095 1470 4150 Sententia
1498 4095 1698 4150 Clementis

505 4176 575 4232 liae
599 4193 658 4250 pet
682 4179 873 4235 Henricum
899 4180 982 4252 imp.
1009 4179 1079 4236 lata
1123 4193 1233 4251 papae
1265 4179 1290 4232 V
1330 4180 1363 4234 in
1401 4179 1595 4236 Henricum
1635 4179 1697 4234 Vll

505 4261 542 4317 26
578 4263 705 4335 aprilis
745 4280 825 4336 ¹3¹3
861 4265 889 4319 in
920 4265 1078 4332 Donnroas,
1123 4263 1213 4330 lata,
1254 4281 1321 4337 qna
1352 4265 1699 4338 imperatoris'sen·

504 4347 639 4414 Acta,ll,
666 4349 723 4420 198.
761 4347 976 4404 Erroneamente
1000 4361 1078 4422 porta
1124 4347 1698 4420 tentiaminRobertumSiciliae

504 4429 529 4486 la
553 4431 615 4486 data
640 4431 684 4486 del
704 4447 734 4500 ις
763 4431 792 4487 in
818 4433 921 4498 Panna,
941 4433 1078 4490 M.G.H.
1124 4449 1242 4506 regem
1286 4433 1423 4488 nullam
1465 4450 1541 4490 esse
1582 4433 1699 4488 voluit

504 4515 607 4586 Legum,
630 4515 677 4582 lll,
698 4531 764 4584 5453
786 4517 813 4570 in
840 4517 971 4582 Donusa,
992 4519 1079 4570 llonu-
1124 4533 1220 4588 papa.
1272 4515 1315 4572 Ci.
1334 4516 1422 4572 anche
1447 4517 1474 4572 la
1501 4516 1575 4572 bolla
1602 4517 1645 4572 del
1667 4533 1697 4572 12

503 4605 594 4664 matra,
609 4597 644 4664 V,
662 4598 727 4670 3163
746 4599 848 4666 Lusio,
866 4601 950 4656 licitis
969 4600 1077 4666 Arriae,
1123 4599 1151 4652 di
1170 4601 1285 4671 giugno:
1308 4601 1385 4654 «dat
1406 4600 1477 4674 apud
1497 4600 1626 4657 Castrum
1644 4599 1698 4655 No

503 4679 550 4746 VI,
570 4695 615 4748 ¹5;
640 4681 667 4734 in
690 4681 791 4747 Lusio,
811 4681 873 4738 Cal.
889 4683 920 4737 lt.
940 4683 973 4748 ΙΙ,
996 4697 1077 4751 ¹⁰753
1126 4701 1216 4738 aarum
1224 4685 1311 4738 Aven.
1322 4685 1392 4740 dioc.
1403 4701 1441 4740 .11.
1451 4685 1591 4740 idiuniia.
1599 4701 1665 4740 ‚vua
1673 4705 1697 4739 a.

502 4762 530 4818 in
556 4763 720 4834 Munaront,
748 4769 836 4838 Antip.
864 4767 922 4821 Ital
951 4766 986 4834 X,
1016 4763 1077 4835 865.
1124 4767 1286 4838 minatur,
1305 4773 1375 4826 Ana.
1393 4771 1462 4828 Eccl.
1480 4787 1507 4825 n.
1528 4786 1570 4826 21.

503 4847 578 4918 Papa
594 4847 739 4904 Clemente
752 4847 776 4900 V
792 4849 916 4906 dichiaro
929 4849 1003 4906 nulla
1016 4867 1079 4924 que·
