3874 5886
650 557 979 616 Pnutnzrottti.
1304 563 1407 620 XXXV

220 833 285 907 Ma
304 833 337 907 la
364 835 509 932 prioritl
534 835 591 910 del
615 853 710 912 testo
731 837 836 912 Deila
854 837 986 912 Chiesa
1005 838 1159 914 richiede
1178 863 1248 914 una
1266 843 1407 915 convin-

218 984 321 1042 cente
338 965 627 1054 dimostrazione;
656 995 678 1046 e
705 971 762 1044 noi
789 967 982 1046 l'abbiamo
999 989 1140 1046 cereata
1159 995 1229 1044 non
1254 967 1408 1047 soltnnto

219 1099 276 1176 nel
294 1117 488 1176 contenuto
513 1129 536 1176 e
563 1101 654 1177 nella
671 1102 786 1177 sorma
804 1104 839 1177 di
858 1103 942 1200 quel
960 1122 1055 1178 testo
1072 1107 1168 1179 assai
1187 1104 1248 1202 piri
1270 1101 1404 1202 ar'npio,

217 1233 586 1330 grammaticalmente
622 1261 728 1310 meno
765 1253 930 1318 corteno,
961 1261 1020 1309 rna
1048 1234 1156 1310 molte
1185 1237 1280 1311 volte
1311 1239 1407 1312 assai

217 1365 278 1464 piri
306 1365 450 1442 efficace
477 1365 662 1452 dell'altro,
690 1394 761 1442 non
788 1394 915 1442 scevro
942 1369 977 1442 di
1004 1367 1116 1444 diserti
1145 1395 1211 1467 per
1230 1370 1407 1467 frequenti

217 1499 410 1596 ripetr'zioni
437 1499 473 1572 di
501 1501 663 1575 costrutti
692 1527 712 1575 e
745 1501 780 1574 di
818 1501 952 1598 parole,
987 1526 1053 1598 per
1086 1503 1406 1578 sovrabbondanza

216 1629 503 1732 didigressioni,
533 1631 599 1708 che
635 1632 725 1708 nelle
764 1633 938 1708 redazioni
976 1635 1163 1731 posteriori
1192 1635 1405 1732 parveroai

218 1767 426 1842 trascrittori
452 1767 561 1842 inutili
580 1793 602 1842 e
628 1767 787 1842 dannose
805 1765 1049 1842 all'economia
1067 1768 1124 1841 dei
1145 1786 1330 1854 racconto;
1347 1794 1407 1842 ma

217 1899 277 1996 pil
312 1899 378 1974 che
414 1915 508 1975 tutto
541 1897 632 1975 nella
664 1901 899 1997 persuasione
935 1899 1001 1974 che
1029 1897 1050 1973 il
1082 1901 1239 2000 Morigia
1276 1927 1406 1976 avesse

217 2029 426 2106 sott’occlu'o
461 2029 613 2106 il'testo
648 2031 753 2106 Delia
782 2032 915 2108 Chiesa
942 2059 964 2106 e
992 2057 1062 2106 non
1088 2029 1206 2108 l'altro
1233 2031 1298 2108 che
1326 2033 1407 2108 rite-

218 2167 338 2240 niamo
354 2181 517 2262 appunto
534 2191 602 2262 per
615 2165 669 2240 cin
685 2165 747 2262 piri
767 2183 920 2240 recente.
970 2167 1134 2266 Veggasi
1152 2166 1211 2239 dai
1231 2165 1404 2241 rafirontr':

314 2421 492 2482 Caurum
721 2425 750 2478 B.
769 2423 898 2480 Mortuus
1129 2425 1307 2482 emmiu

251 2523 335 2592 (testo
349 2523 392 2578 De
408 2521 557 2596 Capitoni).
630 2521 788 2594 (chronicon
807 2521 991 2594 Modocticnu).
1064 2525 1146 2592 (testo
1161 2523 1241 2579 Delia
1255 2524 1377 2594 Chiesa).

297 2671 365 2746 cap.
384 2671 497 2726 XXXV.
674 2671 730 2726 Lib.
747 2671 779 2736 ΙΙ,
795 2689 854 2745 cap.
875 2687 936 2728 vru.
1115 2671 1183 2744 Cap.
1203 2673 1314 2729 XXXV.

251 2795 309 2850 Rex
338 2795 437 2860 subito,
466 2795 584 2850 exercitu
657 2793 715 2849 Rex
734 2795 833 2867 itaque,
847 2811 946 2866 magna
966 2811 992 2850 e·
1063 2795 1119 2850 Rex
1138 2797 1237 2869 itaque,
1257 2813 1356 2870 magna
1375 2814 1403 2852 e·

216 2905 394 2964 congregato,
416 2893 509 2966 paucis
528 2892 584 2946 die·
621 2891 726 2964 quitum
759 2905 838 2964 atque
870 2893 989 2964 peditum
1026 2893 1132 2966 quitum
1168 2905 1248 2966 etque
1284 2895 1404 2967 peditum

215 2989 265 3044 bus
296 2989 451 3044 Cremonae
479 3003 585 3044 moram
622 2988 793 3044 multitudine
824 2988 858 3043 de
889 2987 993 3043 eunctis
1030 2989 1200 3044 multitudiue
1236 2989 1269 3044 de
1302 2990 1406 3046 cunctis

215 3085 304 3152 traxit,
315 3087 413 3140 deinde
427 3101 521 3140 versus
532 3085 587 3140 Bri·
622 3084 741 3158 partibus
756 3085 936 3140 Lombardiae
952 3103 993 3140 su·
1029 3085 1207 3140 lombardiae
1227 3085 1345 3158 partibus
1359 3103 1403 3142 su·

215 3183 288 3238 siam
315 3184 409 3250 tendit,
429 3183 476 3238 sed
499 3183 526 3238 in
546 3184 584 3238 iti·
619 3184 676 3238 bito
697 3195 871 3255 congregata,
897 3183 990 3254 paucis
1025 3182 1082 3238 bito
1111 3195 1284 3254 congregata,
1311 3186 1403 3257 paucis

214 3295 281 3336 nere
299 3296 355 3335 noo
373 3297 443 3353 quos
466 3281 588 3353 repudiet
623 3279 716 3336 diebus
735 3279 891 3336 Cremonae
912 3280 991 3335 traxit
1027 3279 1120 3335 diebus
1130 3279 1402 3336 Cremouxeuroraur

216 3379 312 3434 obvios
338 3377 517 3434 brixiensium
535 3377 585 3432 ho·
622 3393 746 3442 moraru3
773 3377 869 3432 deinde
896 3393 991 3432 versus
1026 3377 1113 3442 traxit,
1132 3377 1229 3432 deinde
1244 3382 1338 3434 versus
1351 3377 1405 3434 Bri

216 3489 305 3540 nores,
324 3487 370 3530 aut
388 3475 445 3530 ulla
463 3491 587 3530 reveren·
623 3475 742 3530 Brixiam
759 3475 852 3530 tendit.
898 3475 992 3530 sedin
1028 3477 1100 3529 xiarn
1115 3473 1208 3530 tendit¹
1244 3475 1291 3530 sed
1304 3475 1401 3530 nonin

215 3573 269 3628 tiae
281 3573 359 3643 signs
374 3585 488 3644 usquam
504 3573 585 3627 videt
621 3571 992 3644 itinere‚proutrespuitCre·
1027 3573 1122 3628 itinere
1140 3587 1210 3646 quos
1226 3573 1347 3646 repudiet
1359 3573 1404 3628 ob·

216 3685 311 3724 vuum
335 3670 486 3743 procedens
511 3670 584 3726 clau·
620 3669 797 3726 monensibus
822 3669 911 3724 nullos
938 3669 993 3724 Bri·
1027 3669 1088 3724 vios
1113 3669 1292 3726 Brixieusium
1320 3671 1405 3728 hono

215 3783 260 3822 sas
277 3767 349 3822 urbis
368 3781 460 3838 portas
478 3769 584 3840 reperit,
620 3767 755 3822 iriensium
782 3767 897 3832 obvios,
928 3783 990 3822 cum
1028 3766 1404 3840 ressutulltsiguareveren·

216 3877 243 3918 et
253 3863 383 3921 Guelficis
397 3865 584 3938 siguissrrnis·
619 3865 794 3920 nonveuisut
809 3863 990 3936 repudiabo-
1025 3865 1288 3937 tiseuxqtumvidet.
1307 3881 1402 3922 verum

215 3977 269 4032 que
305 3961 448 4018 rebellibus
488 3963 584 4034 plenos
619 3979 709 4018 nores·
746 3961 991 4032 procedentelau·
1027 3963 1185 4034 procedens,
1205 3963 1310 4018 clausos
1332 3963 1404 4018 orbis

216 4073 318 4112 muros.
343 4057 586 4130 xguoseisuelien·
622 4075 665 4113 sas
683 4057 756 4114 urbis
774 4071 866 4130 portas
885 4059 993 4128 reperit,
1028 4057 1406 4130 portasreperitetGuelficis

216 4153 280 4220 rice,
298 4154 362 4226 quid
386 4157 474 4226 egeris
499 4155 532 4209 nd
554 4165 582 4210 te
618 4167 645 4210 et
660 4153 791 4211 Guellicis
804 4153 990 4226 signlssrmis-
1028 4155 1113 4226 siguis
1140 4156 1276 4228 armisque
1302 4155 1407 4212 rebelli·

215 4267 378 4306 conversum
420 4253 585 4324 Supremou-
619 4269 671 4324 que
712 4253 858 4308 rebellibus
896 4253 991 4324 plenos
1027 4253 1077 4308 bus
1086 4253 1182 4326 plenos
1191 4269 1293 4308 muros
1323 4271 1405 4326 agno

214 4361 281 4415 tem,
307 4361 334 4404 et
352 4351 472 4406 criminis
492 4351 584 4424 poeni·
620 4367 724 4406 muros.
761 4351 832 4406 bone
851 4367 906 4416 rex,
924 4349 992 4404 'mdi-
1028 4351 1116 4406 scisne
1134 4367 1207 4404 nuuc
1226 4351 1288 4424 quid
1308 4351 1404 4422 egeris,

214 4457 318 4501 tentem
351 4449 467 4502 carceris
496 4463 584 4520 poene
621 4463 703 4520 guam
719 4463 801 4520 quarn
814 4447 990 4520 Suprautouti
1026 4447 1097 4502 bone
1119 4463 1173 4510 rex,
1193 4447 1403 4520 Supremontem

215 4541 367 4600 dmm
404 4555 468 4600 tuuc
490 4557 586 4600 eontra
621 4557 648 4600 et
666 4544 777 4616 reliquis
792 4543 827 4598 xtl
840 4555 867 4600 te
883 4559 994 4600 convu-
1029 4555 1056 4598 et
1071 4543 1189 4616 reliquos
1204 4545 1238 4598 ad
1253 4557 1279 4598 te
1295 4557 1405 4598 conver·

212 4649 240 4692 te
259 4639 378 4696 clausisti
391 4653 493 4712 portes,
507 4653 534 4698 et
547 4659 586 4698 ar·
622 4645 659 4698 sis
692 4639 830 4698 contulisti
863 4655 992 4712 mom,
1026 4655 1082 4706 sos,
1095 4651 1121 4694 et
1134 4640 1254 4695 criminis
1266 4639 1405 4713 poeniten·

215 4737 293 4790 mesti
314 4737 386 4792 cives
405 4738 519 4804 Brixiae,
538 4755 584 4812 pe·
620 4737 750 4794 rebellem
777 4736 842 4794 facit
870 4737 918 4792 tibi
939 4737 992 4792 liri·
1027 4749 1068 4792 tes
1101 4738 1216 4792 carceris
1240 4753 1328 4810 poena
1358 4735 1404 4790 dx-

214 4833 317 4888 reruisti
346 4835 470 4892 militium
497 4849 581 4892 mant.
617 4839 702 4902 xisto,
724 4853 793 4908 quae
822 4836 883 4892 altis
907 4835 992 4890 muris
1028 4835 1144 4890 mutus?
1181 4847 1245 4890 tunc
1264 4847 1358 4890 contra
1377 4847 1403 4892 te
