3860 5890
584 620 615 674 1.
643 615 701 676 os
729 617 1043 683 cerussata.
1342 633 1399 702 ¹45

219 829 293 900 ideo
308 831 437 902 dubiam
456 835 574 905 civium
591 835 689 908 fidem
705 842 822 911 timens
840 842 1056 934 frequentibus
1069 849 1206 933 nunciis,
1221 869 1286 918 uon
1303 851 1403 921 modo

220 949 411 1036 genitorem,
426 950 527 1020 immo
549 973 628 1022 vero
646 955 769 1045 saepius
792 959 846 1046 qui
864 961 931 1028 eius
950 959 1151 1052 frequentant
1164 965 1200 1018 (¹)
1227 965 1332 1034 aulam
1351 989 1403 1035 so·

218 1059 325 1144 licitas,
340 1081 376 1132 ut
390 1063 448 1133 sibi
467 1063 625 1137 destinent
643 1069 756 1138 saltem
775 1073 918 1162 equitum
932 1073 1108 1144 subsidium
1127 1093 1248 1167 petens.
1295 1082 1403 1170 itaque

154 1197 192 1246 ιο
219 1197 337 1266 magna
354 1181 499 1268 equinam
514 1181 615 1265 turba,
629 1184 743 1274 quibus
759 1187 943 1257 Franciscus
962 1189 1002 1258 de
1020 1191 1223 1282 Garbagnate
1240 1213 1271 1264 et
1287 1195 1403 1265 Paxius

220 1293 461 1365 ilermenzanus
467 1295 564 1366 duces
575 1296 639 1369 dati
650 1319 734 1384 sunt,
742 1301 774 1369 iu
787 1303 884 1392 ipsius
894 1304 979 1374 urbis
993 1305 1169 1377 subsidium
1182 1309 1288 1394 musa,
1302 1331 1402 1402 prope

219 1406 307 1476 tarda
340 1407 409 1490 linit,
431 1409 511 1480 dum
545 1413 583 1480 ab
608 1411 750 1484 hostibus
768 1418 944 1488 retinentur
966 1419 1006 1488 ad
1039 1420 1159 1490 flumen
1186 1423 1261 1491 Padi
1282 1427 1402 1514 equites

221 1523 476 1614 nostri‚quorum
489 1526 673 1598 abeuntium
683 1533 824 1620 vestigiis
835 1533 1022 1603 insistebant
1032 1535 1170 1626 Guelplti
1179 1558 1401 1630 persequentes

219 1636 259 1706 ab
270 1637 366 1706 altera
378 1641 414 1696 ⁰>
424 1641 491 1730 ripa
510 1642 599 1712 Padi.
645 1665 757 1712 vetum
772 1645 928 1714 Francisci
945 1647 1071 1716 solertia
1088 1648 1202 1718 fallitur
1220 1653 1330 1737 hostis,
1349 1655 1403 1742 qui

154 1771 165 1818 ι
172 1771 190 1838 5
219 1771 292 1822 ante
303 1757 537 1825 occasumsolis
548 1779 667 1848 ponere
682 1777 780 1828 castra
790 1761 954 1844 simulans,
964 1763 1062 1852 signis
1073 1765 1105 1832 in
1120 1765 1218 1834 hostis
1230 1789 1400 1858 conspectu

219 1869 403 1940 tmmdbus
421 1889 453 1940 et
471 1873 660 1942 micantibus
678 1873 819 1964 undique
838 1875 950 1944 crebris
970 1877 1048 1946 iocis
1068 1893 1139 1947 tota
1156 1897 1260 1966 nocte,
1276 1883 1400 1951 interim

219 2003 294 2054 mm
317 1987 406 2054 omni
430 1988 572 2076 equitnm
590 1989 706 2058 robore
722 2011 780 2079 per
794 1991 994 2081 campaniam
1013 2013 1188 2076 semorum,
1208 2017 1242 2062 ac
1261 1993 1400 2084 aliquan·

218 2097 321 2168 ιιιΙιιιιι
344 2103 450 2190 stipa
472 2099 602 2186 distans,
625 2103 822 2173 iterfaciens
845 2105 942 2196 longe
965 2104 1003 2174 ab
1032 2105 1129 2175 illusis
1154 2107 1297 2178 hostibus
1319 2127 1399 2178 nan·

218 2212 377 2282 aeundum
394 2209 517 2286 flumen
536 2219 658 2307 repetit.
703 2218 757 2288 ubi
776 2217 928 2288 obscurae
947 2221 1051 2288 noctis
1071 2219 1227 2290 mneficio
1250 2221 1304 2290 vix
1327 2239 1399 2292 ante

150 2343 192 2392 20
218 2327 364 2397 odiosam
387 2351 424 2397 ac
445 2331 504 2398 sibi
523 2333 659 2400 nimium
678 2335 880 2422 praecipitem
897 2335 999 2403 visam
1017 2335 1133 2420 lucem,
1147 2359 1213 2406 non
1236 2337 1304 2406 sina
1329 2338 1399 2405 ino·

218 2443 506 2533 pinatotimorel‘),
517 2445 626 2535 paucis
644 2447 776 2518 navibus
794 2467 957 2520 transeunt
973 2449 1107 2520 Padum.
1152 2455 1305 2541 quonism
1321 2453 1398 2522 dum

219 2579 327 2628 veram
353 2559 534 2628 ulteriorem
556 2561 659 2651 ripam
693 2562 832 2650 attigisse
863 2562 1005 2646 credunt,
1030 2565 1063 2632 in
1087 2565 1218 2654 longam
1249 2583 1280 2632 et
1303 2566 1398 2634 latam

219 2672 358 2742 fluminis
381 2675 516 2744 insulam
547 2697 581 2742 sc
608 2675 809 2748 descendisse
839 2679 1008 2766 reperiunt.
1054 2681 1197 2769 oportuit
1225 2681 1328 2770 itaque
1351 2703 1399 2748 re·

218 2809 308 2880 perro
339 2811 444 2858 errore
475 2788 667 2860 circumduci
692 2811 790 2860 naves
824 2811 855 2860 et
878 2793 1011 2862 alterum
1034 2817 1160 2864 ramum
1182 2793 1321 2863 fluminis
1344 2819 1396 2864 su·

148 2919 187 2983 25
218 2923 334 2994 perare.
381 2921 519 2974 attamen
543 2907 628 2996 prius
659 2906 841 2995 supervenit
877 2905 1080 2976 manifestans
1114 2907 1242 2976 illusum
1269 2909 1394 2977 bostem

219 3016 300 3088 clara
329 3015 407 3102 dies,
425 3040 521 3110 quam
542 3041 658 3090 omnes
680 3044 698 3088 e
722 3018 854 3088 navibus
875 3021 997 3110 equites
1016 3022 1048 3089 in
1071 3021 1206 3091 solidam
1229 3045 1265 3090 ac
1293 3041 1394 3091 tutam

218 3135 340 3204 exirent
351 3135 463 3224 ripam
500 3135 595 3204 stubi
607 3153 772 3204 sensenrnt
786 3135 925 3224 Guelphi
941 3135 1115 3206 subsidium
1132 3137 1308 3227 equituma
1325 3139 1394 3206 Me·

219 3249 347 3320 diolano
369 3251 504 3320 missum
534 3252 662 3340 repertis
689 3251 873 3320 abeuntium
893 3253 1032 3341 vestigiis
1055 3253 1197 3321 insuam
1220 3253 1319 3342 ripam
1337 3251 1397 3320 ilu-

219 3367 313 3436 minis
341 3368 490 3447 evasisse,
516 3365 587 3450 boc,
612 3389 670 3434 nec
693 3389 759 3436 nou
779 3387 814 3436 ut
842 3365 953 3436 urbem
976 3367 1177 3450 intraverant,
1197 3367 1347 3436 nunciato
1365 3369 1397 3436 in

148 3493 190 3562 30
218 3481 366 3564 exercitu,
397 3481 546 3550 timentes
569 3499 610 3548 ne
640 3481 756 3548 recenti
789 3501 938 3548 succursu
961 3481 1106 3570 equitum
1138 3501 1267 3570 sumpto
1290 3481 1398 3548 animo

218 3595 313 3664 iratus
336 3593 503 3664 obsidione
532 3595 630 3664 hostis
653 3611 840 3686 erumperet,
864 3595 948 3664 illico
970 3617 1124 3664 recessere
1147 3595 1192 3662 (¹).
1239 3615 1273 3665 ut
1301 3595 1399 3664 sensit

218 3709 333 3778 Galeas
351 3709 512 3794 abeuntes,
536 3733 576 3778 au
595 3711 752 3778 temerarii
775 3707 954 3791 audacisve‚
970 3733 1011 3778 an
1035 3710 1103 3776 sani
1126 3709 1249 3778 consilii
1268 3709 1397 3776 Franci·

217 3846 287 3892 scus
305 3823 387 3892 foret
408 3827 486 3893 scire
505 3825 627 3908 volens,
650 3825 751 3915 inquit
781 3822 857 3892 sibi:
878 3823 1141 3912 «erumpendum
1162 3843 1221 3904 est,
1239 3845 1280 3890 ne
1303 3821 1395 3890 nobis

216 3937 412 4028 torpentibus
424 3937 538 4008 abeant
548 3955 615 4006 mm
627 3939 727 4010 secun
736 3965 766 4008 a.
801 3961 913 4008 verum
926 3955 1044 4020 tamen,
1056 3935 1202 4006 laudante
1215 3937 1392 4018 Francisco,

267 4132 303 4188 (ι)
317 4131 376 4178 ihr.
392 4129 560 4190 bnammbaot
612 4133 649 4190 (b)
663 4131 723 4178 liar,
737 4131 780 4177 alta
833 4133 869 4188 (c)
883 4131 943 4178 liar.
958 4141 1041 4188 parate

250 4317 294 4388 (ι)
327 4315 361 4372 G.
406 4317 541 4384 Faustam,
586 4317 684 4392 lianip.
723 4319 784 4390 flor.
829 4329 895 4372 atas
909 4315 1022 4372 civitatis
1038 4314 1221 4371 Terdoncnsis
1235 4313 1336 4370 bellum
1351 4331 1396 4388 pe·

216 4415 329 4468 eccum
354 4415 403 4476 7²3
433 4417 449 4458 e
475 4401 786 4473 agg.,vuolecbeGa·
829 4401 903 4456 «tiit
940 4399 993 4455 Cui
1007 4399 1067 4454 ille:
1091 4397 1394 4471 “pugnarenonllcet

216 4485 308 4540 leaaao
323 4485 470 4557 insegtdmc
483 4487 490 4540 i
503 4487 602 4540 nemici
615 4486 675 4542 sino
688 4503 703 4540 a
717 4484 785 4540 Tor·
829 4504 844 4535 a
854 4483 917 4556 quia
931 4483 1013 4538 bodie
1032 4497 1072 4538 est
1090 4481 1188 4537 lestum
1207 4479 1395 4535 decollationis

215 4581 296 4627 tona:
314 4571 443 4627 «Contra
462 4585 543 4643 qoem
562 4570 704 4642 (Ugonem
719 4569 784 4626 Del·
829 4567 940 4622 «sancti
958 4565 1086 4622 lobannis
1106 4565 1240 4638 Baptistae
1255 4565 1280 4618 ”.
1305 4562 1337 4617 Et
1356 4563 1394 4617 sic

216 4652 326 4708 «finum
349 4653 382 4708 de
406 4651 525 4725 Vienna)
550 4653 650 4710 Galeas
668 4653 783 4709 Viceco·
829 4653 881 4708 ain
896 4663 1084 4708 terramsuarn
1100 4649 1212 4706 rediit».
1246 4647 1346 4704 slacio
1360 4647 1397 4700 di·

216 4757 231 4786 a
241 4753 301 4792 mes
318 4737 472 4792 Placentiae
491 4737 617 4794 dornintu
635 4737 782 4792 exercitum
827 4737 924 4794 seorda
938 4735 971 4792 da
985 4747 1052 4791 tutte
1067 4735 1092 4790 le
1108 4733 1174 4789 altre
1191 4731 1396 4788 testimonianze

217 4833 405 4894 acmqrcgatt
419 4821 465 4876 sed
480 4821 526 4877 llle
539 4819 696 4878 Terdoaam
707 4819 783 4894 lugia
827 4819 871 4876 lei
883 4831 991 4892 tempos
1007 4817 1040 4874 ei.
1050 4817 1176 4881 Gtusnu,
1190 4833 1234 4888 op.
1251 4815 1294 4872 eit
1310 4813 1344 4880 x,
1356 4815 1396 4886 58.

217 4925 231 4956 a
242 4903 393 4980 Insequitur
401 4921 465 4961 eum
476 4905 586 4974 Galeas,
598 4919 626 4962 et
636 4923 716 4980 super
725 4921 785 4978 por·

323 5025 340 5070 1.
354 5026 383 5072 ar
397 5025 541 5074 caunac.
1264 5029 1292 5064 aa
