3860 5890
522 587 581 634 122
992 585 1238 641 HISTORIA

518 805 698 875 delectione
715 827 847 874 auarum
866 805 993 876 urbium
1012 804 1151 873 doleant.
1198 827 1311 872 verum
1324 825 1511 893 processum
1529 803 1628 872 istum
1642 823 1710 870 non

518 924 629 1012 magni
659 922 825 992 commodi
848 923 944 991 luisse
968 921 1110 1004 arbitror,
1129 943 1206 989 nam
1231 923 1364 1012 quicque
1387 921 1483 990 etiam
1505 917 1640 986 infestus
1662 920 1710 986 in·

518 1037 627 1108 festior
650 1037 882 1128 proscriptione
908 1055 957 1105 eat
975 1037 1088 1119 lactus,
1107 1039 1211 1104 immo
1228 1037 1327 1104 etiarn
1345 1036 1442 1104 aliam
1462 1036 1627 1124 antiquam
1650 1035 1710 1102 im·

518 1156 597 1245 perii
617 1154 740 1223 cladem
762 1154 947 1226 suscitatam
969 1175 1040 1221 esee
1062 1151 1209 1222 creditur.

586 1265 656 1334 Lx.
702 1265 790 1338 Nam
814 1289 869 1332 rex
892 1264 1050 1334 Robcrtus
1074 1287 1161 1334 nunc
1179 1263 1414 1332 condemnatus
1436 1281 1470 1331 et
1484 1261 1609 1352 publice
1629 1286 1711 1330 nun-

519 1382 617 1454 ciatus
634 1380 745 1462 hostia,
770 1379 882 1469 gallica
901 1380 988 1467 regia
1001 1395 1102 1460 onus,
1123 1377 1271 1468 Philippo
1283 1377 1481 1446 Francorum
1495 1377 1564 1466 regi
1580 1377 1710 1444 natione

518 1501 715 1588 propinquus
728 1516 815 1580 erat;
833 1497 1003 1566 amborum
1023 1519 1140 1586 nempe
1158 1518 1297 1585 proavus
1312 1495 1399 1566 idem
1418 1494 1487 1579 fuit,
1509 1493 1548 1563 de
1566 1516 1633 1584 quo
1648 1517 1711 1563 una

518 1633 620 1682 mater
642 1613 724 1682 duos
745 1611 896 1702 produxit
926 1630 1030 1696 natos,
1063 1612 1203 1680 multum
1235 1629 1345 1680 tamen
1376 1629 1488 1680 natura
1509 1628 1543 1680 et
1569 1609 1711 1680 moribus

518 1729 635 1812 varios,
651 1727 808 1796 humilem
828 1727 947 1796 scilicet
961 1751 996 1795 ac
1011 1727 1205 1796 catholicum
1225 1726 1429 1796 ludovicum
1444 1725 1514 1794 sola
1527 1725 1710 1794 innocentia
1739 1749 1757 1816 5

518 1845 552 1912 in
572 1863 673 1932 regno
690 1859 808 1924 tutum,
829 1864 969 1912 necnon
986 1840 1143 1911 Carolurn
1158 1840 1342 1930 superbum,
1358 1841 1413 1930 qui
1432 1839 1596 1908 ferocitate
1612 1840 1710 1908 animi

517 1957 656 2046 reliquos
676 1957 826 2026 mortales
849 1958 936 2026 vicit.
983 1975 1123 2026 attamen
1147 1959 1325 2026 reverentia
1344 1958 1454 2026 aetatis
1478 1955 1630 2046 gallicum
1646 1955 1709 2024 dia·

517 2073 613 2141 dema
636 2091 668 2141 et
689 2095 805 2140 omnes
829 2075 943 2162 patrias
968 2072 1138 2162 dignitates
1162 2072 1284 2144 dimisit
1305 2073 1403 2155 fratri,
1431 2095 1491 2142 nec
1514 2072 1599 2155 inde,
1623 2071 1711 2140 velut

518 2191 618 2280 vulgo
648 2187 795 2272 creditur,
818 2189 1041 2279 quaestionem
1069 2191 1183 2258 movit.
1230 2189 1279 2256 his
1299 2189 1467 2258 Ludovico
1486 2207 1518 2258 ct
1542 2189 1662 2258 Carolo
1675 2187 1710 2244 (¹)

518 2325 695 2396 nupserunt
716 2305 799 2374 duae
818 2307 1027 2375 Prouincialis
1060 2307 1188 2376 comitis
1212 2305 1307 2388 filiae,
1330 2305 1446 2396 quibus
1473 2323 1644 2394 paternum
1662 2303 1710 2374 ius
1744 2327 1785 2374 ro

518 2423 707 2491 Provinciae
727 2420 851 2490 defectu
874 2422 972 2490 virilis
995 2422 1094 2512 prolis
1114 2425 1222 2506 cetrit3
1243 2445 1381 2513 cumque
1404 2421 1517 2492 ambae
1534 2420 1585 2494 die
1600 2423 1710 2512 magni

518 2539 590 2608 festi
609 2537 760 2608 sublimes
780 2561 843 2606 una
862 2537 1009 2606 sederent
1027 2537 1114 2621 sede,
1133 2561 1215 2628 quae
1238 2561 1319 2607 uxor
1341 2539 1425 2628 regis
1449 2555 1516 2606 erat
1537 2539 1640 2606 sorori
1663 2539 1710 2608 in·

517 2656 600 2744 quit:
621 2673 699 2736 «tu,
723 2676 798 2722 oum
822 2677 889 2721 non
911 2654 1023 2744 regina
1045 2655 1098 2737 sis,
1118 2677 1174 2722 cur
1196 2675 1296 2742 aequa
1313 2653 1390 2722 sede
1414 2675 1544 2724 mecum
1562 2652 1705 2722 aedesio

518 2771 609 2860 pulsa
632 2771 728 2858 igitur
749 2789 782 2837 et
810 2769 941 2838 confusa
963 2770 1244 2860 questibusatque
1269 2771 1315 2840 ira
1343 2770 1456 2860 implet
1474 2771 1591 2852 virum,
1614 2793 1710 2859 quem

519 2885 719 2975 respondisse
742 2886 863 2954 ferunt:
897 2911 915 2949 «
940 2907 1000 2953 nec
1030 2907 1090 2954 noa
1112 2907 1239 2976 semper
1268 2886 1430 2954 immunes
1460 2887 1551 2975 regni
1579 2885 1709 2968 erimus,
1743 2903 1782 2970 15

518 3002 608 3070 cuius
626 3001 736 3090 regina
754 3018 788 3069 et
802 3018 835 3068 tu
851 3023 1007 3069 coronam
1027 3001 1108 3072 letes
1124 3027 1155 3068 a.
1201 3024 1239 3070 ea
1254 3025 1305 3070 res
1323 3023 1391 3070 non
1410 3001 1510 3070 modo
1534 3024 1610 3070 cum
1624 3000 1708 3070 diem

518 3115 645 3200 festum,
669 3139 783 3184 verum
806 3134 908 3184 totam
931 3114 1069 3184 turbavit
1101 3116 1275 3205 Europam,
1299 3139 1376 3216 nam
1405 3138 1473 3186 non
1496 3117 1632 3207 longum
1661 3117 1708 3184 in·

517 3253 603 3302 terea
621 3251 749 3323 tempus
767 3232 838 3315 fuit,
857 3232 992 3317 Carolus
1011 3234 1081 3314 iste,
1101 3233 1251 3303 Romano
1271 3231 1434 3322 pontifice,
1451 3233 1539 3302 velut
1556 3231 1645 3322 quod
1660 3231 1708 3302 sui

518 3351 593 3419 iuris
604 3369 681 3431 erat,
698 3347 895 3432 conferente,
907 3348 1033 3418 Gallico
1052 3349 1154 3417 milite
1170 3367 1320 3430 armatuS‚
1331 3367 1412 3418 terra
1428 3351 1572 3440 marique
1586 3348 1708 3438 Apulos

520 3467 633 3536 invasit
656 3463 747 3550 fines,
771 3483 803 3538 et
826 3463 950 3536 domito
971 3487 1006 3533 ac
1030 3483 1131 3534 marte
1153 3485 1323 3556 perempto
1345 3489 1421 3554 rege
1446 3463 1615 3538 Manlredo
1635 3465 1708 3532 Fre·
1739 3479 1787 3528 20

519 3581 614 3649 derici
645 3582 842 3670 imperatoris
871 3579 951 3662 lilio,
985 3603 1084 3668 quem
1119 3578 1285 3648 damnarat
1315 3580 1466 3663 Ecclesia,
1494 3579 1645 3670 Apuliam
1678 3596 1710 3646 et

518 3697 659 3766 Siciliam
692 3697 870 3786 occupavit,
894 3695 1008 3764 deinde
1044 3693 1316 3764 adolescentulum
1340 3719 1451 3786 regem
1475 3695 1709 3776 Conradinum,

518 3809 695 3882 secundum
718 3812 815 3902 ipsius
848 3811 1005 3882 Frederici
1025 3831 1190 3902 nepotem,
1217 3813 1293 3882 aviti
1313 3813 1405 3904 regni
1427 3813 1496 3881 iura
1525 3833 1708 3902 recuperare

519 3927 692 4010 volentem,
713 3945 813 3998 marte
832 3927 1003 4000 confusum
1022 3947 1053 3996 et
1072 3927 1104 3994 in
1124 3927 1200 4017 fuga
1220 3928 1328 3998 multis
1348 3927 1458 3998 diebus
1477 3949 1551 4017 post
1565 3951 1708 4018 pugnam

520 4061 658 4132 captum,
671 4041 787 4110 occidit
803 4041 899 4111 feroci
912 4043 1069 4110 sententia
1084 4042 1346 4112 condemnatum.
1383 4066 1495 4112 verum
1508 4043 1560 4111 hic
1576 4042 1709 4111 Carolus
1740 4057 1760 4104 2
1766 4059 1784 4124 5

519 4181 578 4226 suo
608 4175 763 4250 tempore,
782 4181 904 4248 suoque
936 4181 972 4226 ac
999 4182 1132 4228 suorum
1156 4159 1295 4230 militum
1315 4159 1459 4246 crimine,
1476 4161 1593 4249 quibus
1612 4161 1708 4230 nimia

517 4274 645 4344 licentia
664 4273 736 4344 data
766 4296 879 4362 parum
908 4273 1010 4346 fuerat
1032 4274 1268 4366 regnicolarum
1287 4276 1413 4346 divitias
1436 4275 1587 4348 omuibus
1606 4273 1709 4346 modis

519 4412 637 4480 rapere,
653 4389 858 4486 quinimmo,
873 4391 883 4482 fl
898 4412 938 4458 eo
957 4410 1111 4479 regnante
1124 4391 1157 4460 in
1170 4391 1286 4474 Sicilia,
1296 4391 1447 4482 pudicitia
1464 4391 1635 4460 mulierum
1650 4391 1709 4458 mi·

520 4504 606 4576 nime
626 4521 692 4576 tuta
706 4501 776 4586 fuit,
794 4503 863 4592 ipso
887 4527 988 4594 tegno
1008 4503 1133 4576 Siciliae
1148 4527 1184 4576 ac
1200 4505 1320 4578 cunctis
1339 4505 1501 4590 militibus,
1521 4528 1603 4600 quos
1622 4527 1710 4596 prac-

574 4899 608 4952 (r)
624 4895 725 4942 Fromm.
742 4897 760 4938 li
773 4897 855 4942 llurolo
