3860 5884
513 527 555 612 78
885 565 887 570 ·
981 541 1228 599 ursronm

513 783 618 833 renter
643 765 818 834 discurrens
842 765 928 834 urbis
948 765 1075 850 domos,
1095 784 1209 834 cuncta
1234 765 1374 857 undique
1397 767 1497 857 replet
1515 765 1702 836 tumultibus
1731 785 1774 850 30

513 897 545 946 et
563 878 718 947 lamentis.
764 879 818 947 vix
841 879 931 948 tardo
954 881 1039 970 regis
1063 879 1169 948 edicto
1188 902 1224 948 ac
1242 879 1455 970 plurimorum
1472 903 1578 970 poena
1600 881 1702 948 extin-

512 993 620 1082 guitur
636 993 688 1062 ille
706 994 863 1083 pessimus
882 993 974 1062 ardor
999 993 1144 1083 praedae.
1191 1016 1213 1061 o
1230 1015 1329 1084 quam
1354 994 1438 1062 male
1463 994 1643 1064 consideras
1655 994 1701 1078 (¹),

513 1107 598 1176 bone
624 1132 690 1191 rex,
705 1108 807 1200 ·qu0d
836 1111 943 1178 omnis
974 1127 1129 1178 tetrarum
1159 1109 1297 1200 populus
1331 1133 1417 1178 nuuc
1448 1112 1610 1180 examinat
1632 1129 1703 1179 acta

512 1242 576 1307 tua,
600 1225 654 1313 qui
671 1226 793 1314 positus
813 1247 846 1293 es
869 1226 902 1294 in
926 1243 1099 1315 conspectu
1120 1225 1288 1294 omniuml
1307 1225 1343 1282 (δ)
1388 1248 1444 1294 cur
1467 1225 1523 1294 tibi
1542 1248 1610 1294 non
1628 1225 1702 1294 sub·

513 1339 601 1407 venit
622 1338 657 1394 (⁶)
688 1341 783 1429 primi
812 1341 956 1410 Caesaris
991 1337 1149 1408 indefecta
1179 1340 1361 1425 clementia,
1384 1343 1417 1409 in
1447 1363 1546 1431 quem
1577 1360 1703 1411 tantum
1731 1357 1771 1423 35

512 1475 678 1542 nunquam
694 1455 853 1522 committi
871 1455 985 1543 potuit,
1005 1455 1082 1544 quin
1101 1453 1141 1522 ad
1159 1455 1288 1522 veniam
1306 1456 1444 1544 paratior
1462 1478 1588 1544 semper
1603 1455 1701 1524 foretl

512 1589 577 1650 cur,
602 1589 658 1634 rex
682 1567 846 1650 catholice,
871 1568 973 1636 nostri
995 1567 1168 1636 Salvatoris
1199 1567 1342 1636 doctrina
1364 1589 1432 1636 non
1462 1591 1494 1636 es
1519 1566 1633 1637 doctus
1655 1569 1702 1652 (ἀ),

513 1679 657 1750 docentis
680 1683 811 1751 Petrum
822 1683 887 1773 qui,
899 1683 1064 1773 promissis
1086 1683 1145 1752 sibi
1169 1683 1259 1774 regni
1282 1683 1448 1752 coelorum
1471 1682 1623 1768 clavibus,
1642 1686 1652 1776 Ι
1669 1685 1703 1752 in

511 1797 693 1887 superbiam
716 1797 828 1881 elatus,
852 1800 967 1888 septies
984 1800 1128 1888 peccanti
1142 1797 1343 1888 praecludere
1367 1798 1532 1870 videbatur
1549 1799 1630 1867 velle
1653 1822 1702 1867 re-

512 1937 616 2003 gnum
628 1914 719 1998 coeli,
733 1917 782 1984 eui
802 1915 906 2005 inquit
917 1914 1093 1983 Dominus:
1117 1915 1246 1982 cimmo
1261 1915 1289 1984 si
1303 1916 1482 2004 septuagies
1498 1916 1613 2005 septies
1628 1937 1702 2006 pec·
1729 1929 1774 1996 40

513 2031 639 2110 caverit,
659 2032 749 2120 quasi
760 2031 846 2098 bunc
862 2053 1034 2099 numerum
1044 2052 1102 2120 pro
1117 2029 1242 2098 infinito
1260 2053 1395 2120 ponens,
1411 2031 1541 2120 recipias
1554 2032 1660 2120 ipsum
1670 2057 1702 2100 a.

513 2167 628 2214 verum
650 2147 725 2237 quia
752 2169 819 2215 non
847 2145 983 2230 doceris,
1006 2148 1156 2229 Henrice,
1179 2145 1462 2236 praedecessorum
1491 2149 1620 2215 monitis
1643 2170 1704 2217 nec

514 2257 679 2347 exemplis,
698 2257 882 2348 exemplum
906 2278 937 2328 et
960 2258 1193 2328 documentum
1216 2260 1276 2327 eris
1298 2259 1444 2349 posteris,
1462 2282 1544 2350 quos
1566 2260 1703 2329 instrues

513 2391 571 2441 tuo
590 2372 720 2442 damno.
766 2396 842 2442 nam
858 2373 946 2442 brevi
959 2373 1146 2464 perpendes,
1161 2374 1238 2465 quid
1253 2373 1364 2444 solitae
1380 2375 1568 2444 clementiae
1582 2375 1702 2444 oblivio

514 2489 625 2556 nocuit
642 2488 709 2572 tibi,
722 2490 824 2556 immo
839 2491 935 2557 etiam
952 2489 1073 2558 cunctis
1087 2487 1233 2558 fidelibus
1247 2491 1309 2558 tuis
1323 2491 1368 2557 (⁶).
1415 2489 1536 2572 discite,
1545 2491 1702 2580 principes
1730 2506 1771 2572 45

514 2624 624 2688 terrae,
638 2606 672 2673 in
694 2605 837 2673 subditos
861 2625 893 2682 et
911 2604 1069 2695 quoslibet
1082 2603 1312 2696 delinquentes,
1325 2627 1392 2674 non
1411 2606 1498 2697 quod
1517 2608 1702 2690 meruerint,

516 2720 573 2789 sed
591 2719 679 2811 quod
698 2720 790 2789 vobis
809 2719 945 2810 dignum
963 2723 1014 2804 sit,
1028 2739 1175 2790 statuere.

582 2837 724 2904 XXXV.
771 2839 840 2907 Rex
859 2838 975 2927 itaque,
992 2858 1111 2926 magna
1125 2839 1269 2927 equitum
1292 2857 1386 2928 atque
1401 2837 1545 2927 peditum
1561 2838 1704 2908 multitu·

470 3028 473 3035 ,
515 2952 589 3021 dine
608 2951 647 3020 de
670 2953 791 3021 cunctis
820 2952 1032 3022 Lombardiae
1062 2952 1202 3042 partibus
1231 2953 1336 3021 subito
1367 2973 1573 3044 congregata,
1595 2955 1703 3045 paucis

516 3069 625 3138 diebus
638 3069 819 3138 Cremonae
830 3093 956 3137 moram
968 3071 1062 3136 traxit
1072 3068 1108 3124 (l)
1116 3069 1161 3150 (Ι),
1171 3067 1180 3159 ΙΙ
1191 3066 1306 3138 deinde
1318 3089 1427 3138 versus
1440 3071 1580 3139 Brixiam
1592 3071 1703 3140 tendit.

515 3183 656 3252 sednon
675 3183 708 3251 in
726 3183 838 3250 itinere
854 3204 937 3272 quos
956 3181 1100 3271 repudiet
1117 3181 1230 3250 obvios
1247 3183 1459 3252 brixiensium
1479 3183 1631 3268 honores,
1651 3203 1705 3253 aut

515 3294 1139 3387 ullasignareverentiaeusquamvidet.
1172 3319 1285 3364 verum
1295 3295 1481 3385 procedens,
1490 3297 1610 3366 clausas
1619 3297 1704 3365 urbis
1732 3327 1751 3392 5

515 3431 621 3503 portas
639 3413 754 3502 reperit
769 3432 801 3481 et
815 3411 966 3482 Guelficis
985 3411 1086 3502 signis
1099 3412 1256 3501 armisque
1271 3411 1439 3481 rebellibus
1451 3412 1565 3504 plenos
1582 3436 1703 3482 muros.

569 3631 599 3686 (a)
616 3630 657 3674 ol»
670 3625 882 3674 maieeoneideraeti
936 3627 968 3684 (b)
985 3629 1028 3672 Bb
1041 3626 1230 3684 inconspectum
1240 3627 1341 3674 omnium
1395 3629 1427 3686 (e)
1444 3630 1487 3674 Bb
1499 3642 1589 3688 serpere
1597 3629 1706 3676 debueret

517 3711 538 3752 in
553 3715 647 3753 mentem
662 3714 724 3752 tuam
790 3706 823 3762 (d)
839 3707 881 3751 Bb
894 3705 972 3750 saltem
986 3717 1031 3750 uon
1046 3705 1161 3751 imoremor
1178 3719 1227 3752 esee
1243 3704 1353 3752 debueras
1366 3707 1481 3754 doctrinae
1494 3707 1620 3756 Salvatorie
1634 3707 1706 3754 nostri

437 3787 442 3802 ⁸
517 3793 546 3844 (e)
561 3789 603 3834 Bb
616 3787 669 3845 quid
682 3785 820 3832 confidenter
838 3787 951 3844 regnantis
968 3785 1097 3832 clenentiee
1117 3786 1202 3831 oblivio
1217 3787 1295 3832 nocuit
1313 3787 1362 3844 tibi,
1376 3801 1462 3847 quaeve
1483 3788 1533 3834 lude
1554 3789 1595 3834 tibi
1617 3789 1705 3848 tuisque

518 3869 619 3914 fidelibus
631 3867 699 3924 pestis
712 3875 805 3912 venture
819 3867 847 3912 eit
860 3879 978 3926 agnosces.
1023 3865 1056 3924 (f)
1072 3868 1114 3912 Bb
1127 3867 1173 3914 Rex
1182 3868 1258 3913 subito
1271 3871 1370 3914 exereitu
1384 3877 1520 3927 congregem
1533 3869 1613 3928 paucis
1627 3869 1706 3915 diebus

519 3949 740 3994 ereremum
755 3945 823 3992 eruit

555 4149 597 4218 (r)
613 4147 812 4220 L‘imperatore
830 4145 892 4202 sino
916 4145 942 4200 al
966 4162 994 4218 15
1016 4163 1090 4218 mag·
1134 4146 1237 4201 diocesi
1266 4147 1293 4201 di
1326 4145 1448 4200 Treveri.
1494 4144 1537 4200 Cf.
1566 4145 1707 4214 Bouron,

520 4230 1089 4306 p‘orimaseindubbiamenteacremona.
1134 4245 1178 4301 op.
1199 4229 1253 4294 cit,
1271 4229 1294 4294 1,
1315 4229 1444 4301 178-179.
1491 4229 1628 4293 Quindie
1652 4229 1708 4282 ine·

520 4315 564 4372 Cs.
574 4316 703 4382 Bonum,
718 4331 762 4386 op.
782 4313 837 4382 eit,
851 4331 877 4386 p.
892 4327 952 4384 290.
982 4313 1089 4377 Questo
1134 4324 1202 4366 satta
1220 4311 1392 4370 i’aeserzione
1408 4313 1436 4368 di
1449 4312 1527 4368 Druo
1541 4313 1707 4378 Cournour,

520 4404 542 4456 si
555 4401 638 4456 rileva
656 4399 743 4454 anche
758 4397 830 4452 dalle
845 4397 898 4451 due
917 4397 1090 4452 concessioni
1134 4395 1180 4464 111,
1209 4411 1292 4450 xxrx:
1328 4417 1343 4448 e
1361 4397 1386 4452 Α
1407 4397 1435 4451 di
1462 4413 1521 4454 aur.
1543 4397 1571 4450 di
1594 4397 1706 4468 maggio

520 4483 661 4558 imperiali,
676 4483 728 4538 che
740 4493 855 4554 portano
866 4481 892 4536 la
901 4482 964 4536 data
977 4481 1010 4534 da
1026 4480 1091 4535 Cre·
1135 4499 1150 4530 a
1161 4495 1282 4536 arecon.
1293 4479 1322 4534 lo
1331 4480 1494 4552 imperatore
1504 4497 1558 4536 con
1568 4497 1616 4536 ena
1625 4493 1707 4552 gente
1786 4519 1793 4543 .

521 4585 612 4636 mona,
629 4569 656 4622 in
675 4566 768 4622 lavore
790 4565 816 4620 di
836 4582 901 4620 suor
922 4563 1018 4630 Maria,
1036 4565 1089 4636 pri-
1136 4563 1452 4622 «cavalcbabrescia».
1478 4563 1708 4637 Tuttaviaagiu·

521 4652 660 4724 mogenita
684 4651 711 4706 di
735 4647 836 4705 Enrico
861 4647 913 4703 v11
938 4665 953 4703 e
973 4663 1090 4702 monaca
1134 4643 1299 4700 stificazione
1320 4647 1347 4701 di
1359 4659 1455 4720 questo
1470 4663 1485 4702 e
1498 4647 1525 4702 di
1543 4645 1605 4702 altri
1622 4647 1708 4702 errori

520 4734 566 4789 nel
585 4747 742 4790 monastero
760 4733 835 4788 dis.
857 4731 943 4786 Maria
963 4731 992 4786 in
1010 4729 1090 4786 Valle
1134 4729 1162 4784 in
1186 4731 1229 4784 cui
1255 4729 1362 4785 incorre
1389 4729 1473 4798 Dino,
1495 4731 1706 4802 tratteggiando,

521 4815 680 4874 dell'ordine
707 4817 778 4872 delle
802 4813 992 4870 Domenieane
1018 4811 1091 4869 nella
1135 4829 1216 4870 come
1239 4813 1326 4882 euole,
1344 4829 1360 4869 a
1378 4813 1475 4886 grandi
1489 4813 1560 4871 linee
1579 4812 1606 4870 la
1623 4815 1707 4870 storia
