3874 5886
334 553 337 560 ’
494 565 535 634 n
960 559 1206 632 mmmm

339 819 362 852 e.
376 821 426 868 79·
555 783 613 852 IV.
659 783 705 852 Hi
717 782 811 866 Galli,
825 801 860 854 ut
875 805 914 854 ex
925 781 974 856 his
989 782 1147 866 existimo,
1157 783 1338 874 priusquam
1349 781 1496 857 Clusium
1508 799 1603 872 atque
1614 783 1681 854 Ro·

489 921 579 970 mam
597 897 792 982 accederent,
803 897 1027 970 Mediolanum
1041 900 1105 968 iam
1116 896 1256 968 dirutum
1266 897 1514 981 renovarunt(¹),
1525 885 1686 968 Ticinum'

489 1013 660 1100 civitatem,
669 1035 750 1108 quae
760 1035 846 1085 nunc
861 1031 993 1082 vocatur
1004 1013 1111 1106 Papia,
1123 1011 1305 1096 fundarunt,
1313 1014 1452 1086 Brixiam
1466 1011 1679 1089 aedificarunt

489 1129 689 1196 etaBrenno
698 1125 781 1196 dicta
791 1127 851 1196 fuit
862 1126 1016 1198 Brixia(²).
1058 1149 1171 1204 verum
1180 1125 1258 1198 alios
1270 1127 1430 1226 scripsisse
1439 1129 1562 1218 reperio
1574 1128 1679 1224 ipsum

489 1241 653 1311 Brennum
666 1264 684 1309 a
695 1243 851 1314 Romanis
866 1242 1036 1314 confusum
1050 1244 1083 1312 in
1096 1243 1246 1312 Sueviam
1258 1243 1404 1331 rediisse;
1423 1263 1456 1315 et
1473 1262 1547 1344 post
1561 1243 1680 1312 multos
1707 1277 1726 1342 5

488 1378 601 1442 annos,
620 1357 790 1446 resumptis
809 1357 940 1440 viribus,
962 1359 1090 1440 iterum,
1109 1381 1184 1432 cum
1202 1359 1343 1429 maxima
1361 1378 1553 1431 armatorum
1578 1361 1679 1451 copia.

489 1472 621 1540 veniens
641 1471 861 1542 Mediolanum
879 1491 911 1542 et
926 1471 1031 1564 plures
1050 1471 1143 1542 urbes
1163 1473 1281 1554 Italiae,
1300 1495 1389 1567 quas,
1406 1473 1513 1564 primo
1535 1473 1602 1555 eius
1625 1473 1680 1544 ad·

488 1605 597 1669 ventu,
610 1587 795 1678 priusquam
806 1611 881 1658 cum
893 1589 1048 1660 Romanis
1060 1588 1247 1659 contulisset
1259 1591 1351 1677 vites
1362 1587 1575 1674 dexnuxerat,
1591 1589 1680 1682 quasi

486 1701 562 1773 inde
578 1703 707 1798 penitus
719 1703 753 1758 (¹)
771 1704 936 1794 reparavit,
954 1703 1124 1794 pluresque
1146 1701 1255 1775 denuo
1281 1704 1494 1778 construxisse
1512 1703 1617 1775 femur
1642 1705 1681 1774 ad

487 1817 744 1910 impugnandum
773 1819 889 1892 iterum
911 1819 1080 1891 Romanos
1102 1817 1216 1894 frustra
1238 1819 1358 1888 vadens
1370 1819 1415 1888 ⁰).
1461 1818 1546 1895 uode
1565 1820 1682 1898 Gono-
1712 1848 1753 1898 ιο

488 1927 595 2000 fredus

695 2047 776 2102 Nunc
791 2063 870 2102 arma
883 2060 961 2102 tonat
975 2048 1038 2103 Dux
1053 2048 1144 2104 Breno
1159 2062 1286 2124 creatque
1301 2049 1450 2119 Veronam,

699 2142 771 2198 Nam
786 2143 863 2215 quasi
878 2143 946 2198 vehi
962 2143 1052 2199 Roma
1067 2145 1140 2200 dicta
1154 2143 1265 2202 Verona
1280 2157 1373 2214 sonat;

700 2239 790 2294 Brixia
804 2239 939 2310 fundatur,
956 2252 982 2296 et
998 2241 1097 2298 Ticina
1111 2241 1195 2314 Papia
1210 2256 1320 2317 paratur

697 2335 731 2390 Et
745 2335 933 2396 Mediolanum
950 2338 1040 2394 Brenn
1055 2351 1196 2412 satagente
1211 2339 1381 2396 novatoris).

553 2504 594 2571 V.
639 2502 688 2572 Ex
700 2503 749 2575 his
763 2523 871 2578 autem
889 2529 971 2597 quae
987 2508 1097 2577 recitat
1112 2507 1154 2580 T.
1165 2508 1276 2581 Livius
1288 2507 1328 2580 de
1341 2507 1481 2580 adventu
1492 2509 1503 2601 Ι
1515 2509 1682 2586 Gallorum

486 2629 520 2696 in
535 2619 661 2689 ltaliam
674 2639 823 2707 tractans,
839 2622 945 2712 colligi
958 2643 1067 2721 potest
1081 2647 1145 2697 .cc.
1161 2648 1320 2698 annorum
1339 2625 1435 2698 fuisse
1449 2629 1588 2718 spatium
1603 2629 1684 2698 inter

487 2734 661 2804 adventum
680 2735 861 2820 Bellovesii,
871 2739 926 2828 qui
938 2737 977 2811 de
992 2737 1106 2812 Sobria
1120 2739 1343 2812 Mediolanum
1353 2741 1440 2825 fecit,
1451 2760 1483 2810 et
1498 2744 1615 2814 Brenni
1629 2745 1683 2836 qui

488 2851 711 2924 Mediolanum
724 2855 893 2925 renovavit
910 2871 943 2922 et
956 2856 1089 2944 Papiam
1103 2853 1260 2940 fundavit,
1276 2877 1310 2929 ut
1325 2856 1447 2930 dictum
1463 2878 1521 2928 est.
1568 2857 1683 2929 deinde

487 2987 560 3060 post
571 2967 672 3038 multa
682 2987 839 3060 tempora,
858 2971 1069 3043 recentissimi
1083 2971 1280 3042 advenarum
1296 2973 1514 3064 Longobardi,
1530 2997 1595 3042 una
1608 2995 1683 3050 cnm
1711 3005 1729 3071 5

486 3083 628 3156 Albuino
646 3107 723 3174 rege
741 3107 813 3170 suo,
832 3086 956 3156 ltaliam
980 3109 1151 3170 accessere,
1173 3089 1228 3178 qui
1247 3107 1350 3158 totam
1368 3087 1433 3164 sere
1451 3089 1576 3160 Italiam
1594 3091 1683 3182 peni·

486 3219 538 3270 tus
548 3201 584 3256 (δ)
602 3219 799 3292 occuparunt
805 3225 815 3284 ;
834 3200 892 3274 sed
910 3199 1043 3276 demum
1061 3202 1141 3275 intra
1161 3203 1254 3275 huius
1273 3223 1374 3277 terrae
1392 3223 1509 3279 traetm
1521 3206 1565 3288 (θ),
1584 3227 1683 3296 quam

487 3313 714 3386 Lombardiam
738 3315 872 3388 dicimus
883 3316 929 3400 (δ),
948 3315 1029 3386 fines
1048 3341 1117 3390 sese
1136 3337 1278 3390 tenuere.
1324 3342 1343 3388 a
1365 3318 1480 3410 quibus
1504 3320 1582 3392 haec
1604 3343 1683 3394 con·

487 3446 567 3498 trata
588 3429 695 3522 ipsum
711 3429 923 3502 Lombardiae
947 3454 1067 3502 nomen
1085 3433 1256 3532 assumpsit
1267 3432 1312 3503 (ὅ).
1356 3435 1441 3509 banc
1459 3453 1592 3526 gentem
1609 3435 1684 3509 lbor

541 3593 572 3648 (a)
587 3593 638 3650 Aa,
659 3594 698 3643 Bb
717 3594 782 3654 quael
803 3595 856 3644 tuae
876 3593 987 3654 ponuat
1006 3596 1068 3644 Mar.
1088 3609 1194 3646 oorreaae
1216 3599 1281 3656 quasi
1299 3599 1391 3656 pentem
1458 3601 1491 3658 (bl
1512 3601 1554 3654 Bb
1574 3599 1681 3660 prmum

491 3675 519 3728 (e)
535 3673 578 3720 Bb
591 3671 649 3718 intra
662 3672 718 3718 linea
731 3673 799 3720 nnius
812 3681 898 3726 tractus
912 3683 983 3725 terrae
1037 3675 1071 3734 (d)
1085 3677 1125 3727 Bb
1138 3689 1207 3736 qaam
1219 3689 1281 3726 onoc
1294 3677 1454 3726 Lomhrdlam

523 3819 566 3890 (t)
581 3839 597 3870 e
608 3819 677 3876 Sunt
695 3833 817 3894 preterea
832 3835 859 3878 et
874 3824 918 3878 alli
933 3825 1062 3880 autentici
1143 3825 1187 3898 (3)
1197 3823 1278 3884 CiG.
1288 3825 1420 3892 feam,
1430 3827 1682 3902 Manlianum

489 3913 597 3960 «testes
621 3903 763 3962 manifeste
785 3906 934 3964 scribentes
957 3907 1064 3964 Medio·
1143 3910 1187 3980 (4)
1202 3909 1270 3969 Cosl
1286 3923 1444 3971 veramente
1458 3911 1505 3970 nel
1519 3913 1664 3974 Pantheon:

489 3984 607 4040 «lanum
620 4004 637 4050 a
653 3986 740 4043 Gallis
755 4005 812 4046 non
822 3989 1004 4048 reedificando
1013 3992 1063 4048 sed

488 4067 666 4124 «edificando
691 4083 878 4127 constructum
902 4073 947 4128 vel
972 4075 1063 4130 condi·

488 4155 666 4214 «tumorem.
710 4153 778 4212 Cosl
792 4155 1064 4216 stazontassnet

487 4253 539 4293 rns.
558 4238 602 4292 cit.
620 4248 694 4294 sotto
721 4239 748 4294 la
770 4239 889 4294 rubrica:
918 4239 968 4296 De
995 4240 1064 4298 Me·
1109 4245 1153 4304 Cl
1172 4249 1298 4308 Pantheon
1329 4252 1381 4306 siva
1410 4251 1586 4310 Univarsitatis
1609 4253 1685 4310 Libri

488 4319 667 4377 diniannm
692 4320 957 4380 florentissima
976 4325 1064 4381 civi·
1108 4331 1152 4402 qui
1171 4329 1294 4387 Chrordcr'
1310 4333 1468 4406 appellantur
1486 4335 1535 4390 XX
1551 4337 1609 4402 dac..
1636 4351 1684 4409 per

488 4415 569 4460 tate.
615 4402 659 4460 Cl.
682 4405 827 4478 Manipulas
848 4405 945 4480 florum
973 4407 999 4462 di
1028 4407 1064 4465 G.
1109 4413 1142 4468 V.
1168 4413 1202 4470 C.
1222 4415 1438 4474 Gon-roennou
1459 4416 1586 4485 Virmn,
1612 4419 1684 4476 Basi-

487 4485 619 4554 tntum,
639 4503 678 4556 xa,
694 4505 718 4544 c.
736 4505 793 4560 550.
1109 4498 1177 4564 leae,
1196 4515 1229 4556 ex
1249 4497 1295 4555 off.
1313 4500 1336 4556 1.
1353 4501 1441 4570 Parei,
1469 4518 1544 4576 1559,
1563 4503 1607 4559 lib.
1634 4503 1683 4571 1x.

523 4571 682 4644 (a)«lgitur
695 4573 727 4628 ab
741 4575 800 4648 ipso
811 4573 920 4628 Brenno
933 4590 1018 4649 usque
1034 4577 1062 4630 in
1108 4599 1136 4653 p.
1155 4597 1214 4654 231·
1252 4581 1296 4639 Cf.
1324 4583 1412 4640 anche
1440 4587 1467 4640 in
1490 4585 1591 4652 Puera,
1611 4585 1682 4642 Moe.

490 4653 675 4712 «hodiernam
712 4657 786 4712 diem
812 4657 935 4713 Brixiana
966 4659 1062 4715 civitas
1110 4661 1196 4719 Gom.
1211 4663 1288 4732 Huc,
1303 4683 1329 4720 v.
1346 4665 1432 4734 xxu,
1447 4683 1473 4739 p.
1492 4667 1549 4724 118.

489 4741 716 4796 «vocitamen».
740 4739 977 4803 Cir.l.Mntvtcn
985 4741 1064 4803 Claro·
1143 4745 1187 4816 (5)
1205 4745 1263 4804 etr.
1286 4747 1427 4813 Eunoen
1445 4749 1606 4813 Breviaeiam
1625 4769 1683 4808 cum

487 4821 711 4894 nmmffl-
1108 4827 1431 4906 &mmmm

1108 4043 1170 4088 uuae
1185 4057 1246 4101 ιαμ
1260 4059 1316 4090 uma
1330 4057 1389 4093 tonat
1402 4047 1442 4092 dat
1456 4047 1545 4098 Banu
1559 4059 1655 4106 meque

1521 4113 1633 4169 [Veronam
1643 4115 1682 4159 &a
