3860 5890
516 527 576 610 136
980 537 1226 598 HISTORIA

511 759 748 830 contributione
766 762 912 851 promissi
932 763 1000 831 auri
1016 763 1158 831 Hentico
1182 761 1272 846 facta,
1291 779 1428 830 vacuato
1447 762 1584 830 nimium
1599 759 1692 844 fisc03

511 895 664 964 magnam
678 878 796 946 etenim
811 877 959 960 Matteus,
974 895 1010 947 ut
1029 877 1137 963 fertur,
1149 876 1279 946 dederat
1294 877 1353 946 sibi
1365 879 1519 967 pecuniae
1537 899 1695 946 summam

511 1009 543 1060 et
566 991 698 1060 nimiam
717 991 859 1062 conferre
878 993 1077 1082 promiserat,
1095 1017 1168 1062 cum
1193 995 1281 1062 iuxta
1297 993 1437 1062 Bn'xiam
1457 991 1597 1061 eundern
1617 985 1696 1060 Mat·

511 1125 610 1188 teum,
635 1099 801 1175 Turrianis
820 1107 851 1176 id
871 1125 946 1176 tunc
961 1109 1201 1198 requirentibus,
1220 1108 1399 1199 praeferens
1418 1109 1476 1175 sibi
1496 1107 1633 1176 contulit
1649 1129 1695 1175 re·

511 1222 622 1311 gimen
646 1221 831 1291 Mediolani.
877 1224 982 1312 itaque
1007 1223 1115 1292 exules
1139 1222 1313 1292 Mediolani
1336 1245 1400 1290 una
1419 1245 1492 1292 cum
1510 1222 1642 1290 Thoma
1660 1219 1696 1288 de
1727 1237 1757 1302 15

513 1339 671 1408 Martiano
696 1341 813 1407 comite
832 1339 872 1407 de
891 1340 1046 1430 Squilatio
1070 1343 1102 1409 in
1124 1340 1263 1431 partibus
1287 1342 1354 1408 istis
1377 1339 1594 1408 mareschalco
1617 1339 1697 1428 regis

512 1453 652 1538 Roberti,
672 1454 788 1522 vadato
809 1455 968 1524 Ticinello
987 1453 1072 1524 haud
1091 1455 1188 1547 lunge
1208 1455 1310 1524 aloco
1330 1457 1472 1538 Gazano,
1492 1454 1569 1522 fusis
1588 1477 1624 1522 ac
1641 1473 1697 1544 pro

513 1576 631 1658 magna
643 1588 731 1658 parte
746 1571 843 1660 captis
860 1568 1034 1660 agrestibus
1054 1571 1155 1662 Seprii
1174 1595 1210 1639 ac
1225 1572 1458 1654 Marthesanae,
1472 1569 1587 1660 quibus
1601 1569 1697 1659 ipsius

512 1705 613 1774 aquae
642 1687 791 1754 transitus
815 1685 959 1755 custodia
988 1688 1159 1754 commissa
1189 1705 1263 1770 erat,
1288 1685 1563 1754 Mediolanensem
1587 1705 1697 1774 agrum

513 1799 667 1870 hostiliter
685 1819 890 1891 occuparunt.
909 1801 926 1838 ²
950 1819 1039 1870 erant
1057 1803 1089 1870 in
1108 1801 1312 1870 Marthesana
1326 1802 1342 1838 *
1355 1801 1389 1856 (·)
1400 1799 1410 1892 l
1423 1823 1503 1890 quae
1522 1799 1612 1868 tertia
1630 1819 1697 1888 pars
1724 1811 1761 1858 20

513 1915 761 1984 Medlolanensis
776 1919 841 2006 agri
858 1937 906 1986 est
921 1917 966 2001 (¹),
981 1917 1216 1986 adversantium
1232 1917 1270 1984 ab
1288 1918 1419 2008 antiquo
1435 1918 1571 2006 partium
1587 1913 1696 1996 studia,

512 2053 593 2120 quae
616 2029 697 2098 olim
721 2033 753 2098 in
776 2030 879 2120 burgo
898 2033 1123 2100 Vicometcato
1147 2031 1283 2101 duarum
1307 2033 1446 2100 invicem
1465 2030 1697 2100 adversantium

513 2147 732 2235 agnationum,
752 2147 956 2217 Rusticorum
975 2148 1093 2216 scilicet
1112 2165 1144 2216 et
1163 2149 1374 2232 Melosorum,
1398 2145 1554 2216 discordia
1575 2145 1697 2213 initium

512 2276 700 2330 sumserant.
746 2281 777 2330 et
800 2263 873 2331 licet
891 2266 1052 2354 utriusque
1074 2264 1140 2332 fere
1164 2265 1343 2356 agnationis
1367 2263 1464 2332 virilis
1483 2279 1579 2332 sexus
1598 2283 1698 2352 genus

512 2377 592 2446 foret
608 2379 792 2469 antiquitate
815 2399 1054 2470 consumptum,
1072 2381 1169 2450 unico
1189 2379 1347 2449 dedomo
1367 2379 1572 2451 Rusticorum
1591 2397 1698 2466 supet·
1724 2387 1759 2452 25

511 2495 595 2578 stlte,
619 2515 716 2584 quem
735 2513 844 2562 tamen
862 2497 994 2564 nomine
1014 2496 1196 2586 Philippum
1219 2497 1325 2564 cuncti
1354 2516 1430 2564 suae
1449 2494 1597 2563 factionis
1617 2493 1698 2562 cole·

514 2607 589 2677 bant
611 2627 646 2678 ut
677 2607 847 2677 dominum
879 2610 1066 2680 naturalem.
1126 2612 1160 2678 in
1198 2611 1329 2680 Melosis
1359 2627 1477 2693 autem,
1512 2609 1568 2699 qui
1596 2607 1698 2698 plures

513 2741 611 2806 erant,
631 2743 729 2792 nemo
752 2739 810 2814 pto
838 2725 905 2792 aliis
930 2727 1077 2816 cognitae
1100 2727 1304 2810 auctoritatis,
1328 2745 1373 2795 ·ut
1395 2727 1497 2795 taliter
1526 2725 1698 2793 honoratus

513 2833 597 2927 apud
615 2859 691 2906 suos
714 2853 789 2908 erat.
835 2839 928 2910 huius
959 2841 1103 2909 Melosae
1132 2840 1289 2925 factionis,
1312 2864 1394 2931 quae
1424 2863 1551 2929 semper
1574 2840 1699 2908 inimica

513 2955 678 3024 Turrlanis
701 2956 812 3039 fuerat,
837 2956 953 3025 nobilis
977 2979 1013 3026 ac
1046 2956 1134 3025 domi
1162 2957 1251 3025 dives
1277 2959 1499 3026 Marthesanus
1531 2955 1639 3026 Obizo
1660 2953 1699 3022 de
1725 2964 1764 3032 30

514 3069 719 3160 bemardigio
749 3091 825 3140 tunc
857 3095 931 3140 cum
955 3073 1121 3142 Turrianis
1149 3073 1281 3141 exulans
1305 3073 1426 3142 amicus
1456 3093 1492 3140 ac
1514 3071 1699 3161 praecipuus

512 3184 617 3254 fautor
639 3209 676 3254 ac
704 3185 854 3256 defensor
876 3189 1032 3270 extiterat,
1054 3187 1260 3279 regnantibus
1284 3188 1462 3270 Turrianis,
1488 3206 1576 3256 nunc
1605 3187 1699 3254 etiam

513 3299 613 3368 domo
632 3302 738 3392 patriis
761 3301 853 3371 bonis
873 3323 982 3372 secum
1000 3303 1120 3393 pulsus,
1143 3304 1219 3392 ipsis
1238 3303 1334 3370 etiam
1353 3303 1470 3386 invitis,
1493 3321 1575 3390 quos
1591 3321 1699 3388 seque·

514 3417 604 3485 batur
615 3435 649 3486 ut
660 3416 768 3500 duces,
787 3418 940 3486 cursitans
955 3417 1096 3508 undique
1114 3440 1170 3508 per
1188 3417 1363 3486 exercitum
1381 3438 1602 3507 quoscumque
1625 3435 1699 3482 suae

565 3641 600 3696 (s)
613 3638 645 3684 Le
658 3638 701 3684 due
715 3639 798 3684 lamae
811 3637 835 3683 si
847 3637 994 3684 rt'scontrano
1009 3637 1155 3696 etelstanum.
1170 3638 1209 3682 del
1222 3649 1262 3684 mr.
1277 3637 1303 3682 Β.

513 3851 581 3894 tutta
602 3837 629 3892 la
653 3838 818 3894 Lombardia
830 3840 918 3894 transi
941 3839 1006 3895 fatte
1026 3845 1083 3896 cosi
1132 3837 1700 3909 «siderarsinonpib,comeanticamente,

513 3926 588 3996 gravi
608 3923 658 3978 che
673 3922 694 3977 il
709 3920 789 3978 conie
804 3923 832 3978 di
847 3923 996 3996 liomberg,
1011 3925 1084 3980 nella
1131 3945 1144 3974 a
1156 3923 1241 3978 divisa
1261 3924 1287 3977 in
1306 3921 1373 3978 tanti
1392 3921 1510 3988 contadi,
1533 3938 1579 3976 rna
1597 3919 1625 3975 in
1644 3917 1700 3976 sole

512 4005 702 4080 impossibilita
721 4007 747 4060 di
767 4023 867 4080 pagare
889 4007 908 4062 il
931 4007 1011 4063 soldo
1031 4007 1083 4064 alle
1130 4021 1195 4064 «tre
1210 4007 1288 4081 parti,
1303 4007 1323 4062 il
1338 4005 1469 4061 Milsnese
1488 4007 1607 4078 proprio,
1623 4003 1641 4060 il
1657 4003 1700 4058 se

512 4109 560 4148 sue
587 4092 734 4166 truppe,si
762 4107 807 4146 eru
838 4091 940 4148 ritirato
965 4093 993 4147 in
1017 4092 1084 4148 Ger·
1130 4093 1223 4164 «prio,
1242 4109 1257 4148 e
1275 4091 1477 4156 laMartessna,
1502 4105 1583 4146 come
1601 4088 1629 4144 sl
1646 4105 1701 4161 pre·

513 4175 613 4232 mania
665 4175 707 4232 Cf.
735 4175 766 4234 B.
800 4175 938 4244 Mortem,
964 4177 998 4244 ll,
1026 4193 1083 4245 xtr,
1130 4188 1265 4232 «sente».
1301 4171 1701 4244 Coslithunm1,op.cit.l·l,

517 4279 591 4333 1109.
1131 4279 1159 4332 51
1178 4279 1267 4334 esgg.
1303 4262 1415 4316 intorno
1435 4257 1700 4331 all'hgromilanese

548 4349 591 4420 (r)
608 4349 701 4404 «Dice
716 4347 825 4419 dunque
840 4347 859 4401 il
874 4359 968 4402 nostro
983 4347 1017 4403 C.
1033 4349 1084 4403 che
1129 4347 1208 4403 calla
1221 4363 1269 4402 sua
1281 4347 1365 4402 storia
1375 4344 1409 4401 cf.
1422 4344 1555 4401 l'articolo
1566 4343 1594 4398 di
1605 4342 1638 4400 G.
1649 4343 1701 4397 Pu·

514 4433 728 4488 ulaMattesans
743 4429 1085 4504 eralaterzapartedella
1130 4447 1208 4500 osni,
1227 4431 1330 4502 L’Agro
1354 4431 1469 4484 miluum
1494 4427 1595 4484 secondo
1616 4428 1702 4483 larua

515 4535 690 4590 «campagus
706 4517 731 4571 di
747 4515 866 4570 Milano:
886 4519 902 4547 ‘⁴
912 4515 1085 4570 Martlresana
1129 4515 1409 4572 utensioncnrllevurie
1421 4515 1509 4587 epoche
1520 4511 1702 4581 rioritbe(con

514 4616 608 4672 «quae
626 4601 704 4657 tertia
723 4617 785 4674 pars
800 4599 1011 4655 Mediolanensis
1027 4599 1085 4672 agri
1129 4599 1221 4654 evola
1242 4599 1377 4672 separata)
1395 4599 1423 4653 in
1443 4597 1560 4654 Raccoirr
1588 4595 1702 4651 mium

515 4707 529 4734 n
540 4695 579 4740 est
589 4685 615 4740 ”.
651 4685 694 4739 Da
704 4695 797 4758 queste
810 4683 904 4758 parole
914 4684 942 4738 io
955 4683 1085 4755 raccolgo
1130 4681 1156 4738 di
1170 4685 1257 4751 storia,
1271 4683 1396 4755 geogrofia
1411 4681 1439 4738 td
1457 4689 1519 4748 orla,
1536 4677 1649 4744 Milano,
1667 4677 1703 4732 di·

514 4789 527 4818 «
540 4769 590 4824 che
600 4767 626 4824 la
636 4784 787 4843 campagos
798 4765 938 4832 milanese,
947 4769 990 4823 ne'
1001 4770 1085 4840 tempi
1130 4767 1238 4822 cembrc
1258 4765 1332 4836 1887.

515 4877 529 4904 α
540 4855 566 4908 di
582 4854 626 4909 cui
641 4843 788 4919 trattittiro,
804 4853 975 4907 cominciava
992 4869 1006 4904 a
1023 4867 1085 4906 con·
