3874 5886
894 548 932 603 L.
960 545 1316 604 A.MURATOR11

590 1223 593 1232 ι
635 1118 683 1188 ΙΝ
707 1115 939 1188 IOHANNIS
967 1115 1024 1184 DE
1049 1113 1323 1186 CERMENATE
1347 1111 1606 1184 HISTORIAM

1012 1311 1201 1379 Prnnmrro

825 1477 993 1546 Luuovrcr
1016 1477 1165 1546 Aurouu
1189 1476 1392 1546 Mumroru.

602 1843 758 1892 lsronrrm
787 1822 869 1890 hanc
896 1845 982 1890 anno
1015 1824 1096 1910 1698
1124 1823 1244 1912 primus
1269 1845 1331 1912 ego
1350 1845 1368 1890 e
1386 1821 1523 1890 tenebris
1542 1821 1576 1890 in
1595 1821 1698 1890 lucem

518 1839 597 2006 Η
615 1937 730 2027 protuli
745 1957 825 2004 tom.
841 1938 873 2004 11
890 1959 962 2026 pag.
980 1959 1017 2026 31
1035 1938 1252 2006 Antcdolorum
1267 1959 1425 2020 meorum,
1442 1936 1573 2026 dignam
1596 1937 1698 2026 plane,

514 2075 596 2142 quae
625 2077 731 2122 rursus
750 2053 783 2120 in
810 2052 1032 2120 collectionem
1055 2071 1198 2121 nostram
1216 2051 1377 2122 inferatur.
1423 2051 1499 2120 Eius
1518 2069 1629 2121 auctor
1648 2053 1699 2120 lo·

515 2167 636 2235 hannes
663 2166 702 2235 de
732 2167 934 2251 Cermenate,
953 2169 1051 2256 patria
1079 2166 1336 2250 Mediolanensis,
1355 2185 1420 2234 arte
1438 2167 1589 2249 notarius,
1610 2165 1699 2234 cuius

514 2299 676 2372 perspecta
707 2280 872 2371 prudentia
902 2281 936 2351 in
965 2281 1058 2351 rebus
1084 2280 1226 2372 agendis,
1245 2281 1401 2372 simulque
1420 2279 1573 2363 doctrina,
1594 2281 1699 2369 ipsum

514 2395 631 2486 patriae
663 2418 771 2466 carum
800 2395 943 2480 effecere,
964 2397 1018 2465 ubi
1047 2396 1142 2466 etiam
1174 2395 1214 2465 ad
1249 2395 1373 2487 publica
1392 2395 1522 2485 negotia
1541 2393 1699 2462 adhibitus

515 2509 683 2598 syndicum
711 2511 901 2599 reipublicae
933 2510 1181 2580 Mediolanensis
1212 2511 1288 2600 egit
1334 2511 1520 2600 Postquam,
1550 2533 1617 2598 cap.
1644 2514 1700 2598 46,

517 2626 719 2694 Warnerium
747 2625 785 2692 ab
813 2626 956 2696 Henrico
973 2627 1038 2695 VII
1058 2627 1193 2695 Caesare
1215 2625 1363 2715 generale
1389 2623 1629 2714 Langobardiae
1647 2625 1694 2692 vi·

516 2739 635 2807 carium
654 2741 861 2808 constitutum
880 2741 1014 2829 scripsit,
1039 2740 1118 2808 haec
1142 2739 1245 2809 addit:
1280 2767 1296 2804 α
1312 2739 1363 2808 Ad
1381 2739 1472 2808 illum
1500 2738 1608 2808 Laude
1627 2761 1698 2806 rno-

520 2874 673 2922 orantem
691 2853 837 2943 legantur
854 2877 910 2943 per
929 2876 1103 2923 commune
1123 2853 1298 2923 Mediolani
1318 2855 1502 2924 Franciscus
1521 2854 1560 2922 de
1579 2853 1697 2922 Garba-

520 2986 657 3056 «gnate,
673 2985 705 3036 et
719 2967 886 3037 Adoardus
901 2967 941 3037 de
956 2969 1128 3052 Pirovano,
1147 2988 1180 3036 et
1197 2991 1260 3059 ego
1278 2985 1313 3036 ut
1332 2965 1482 3055 syndicus
1493 2994 1523 3036 u.
1571 2965 1698 3048 Quibus

516 3107 555 3151 ex
574 3083 863 3172 ve'rbisintelli'gas,
883 3085 1166 3154 Cermenatensem
1188 3083 1333 3152 flomisse
1352 3103 1383 3154 et
1401 3085 1560 3175 scripsisse
1579 3083 1699 3151 circiter

516 3219 637 3266 annum
660 3219 754 3287 1310,
771 3221 871 3289 eaque
889 3199 1041 3283 retulisse,
1058 3221 1140 3289 quae
1165 3198 1224 3268 sub
1254 3200 1322 3268 eius
1352 3199 1452 3267 oculis
1481 3199 1697 3268 versabantur.

517 3311 580 3381 Sed
599 3331 630 3381 et
648 3315 681 3380 in
699 3312 899 3383 Praelatione
923 3337 957 3381 se
982 3331 1188 3384 tractaturum
1214 3313 1258 3381 ait
1279 3340 1296 3379 α
1314 3312 1354 3383 de
1371 3313 1564 3382 serenissimi
1583 3335 1618 3381 ac
1638 3313 1697 3381 mi-

520 3427 653 3496 trabilis
672 3428 819 3518 principis
849 3429 978 3497 Henrici
1007 3427 1046 3497 de
1070 3429 1296 3518 Lucimborgo‚
1316 3451 1414 3519 quem
1432 3431 1570 3519 primum
1590 3447 1698 3497 nostra

520 3561 651 3612 «aetate
670 3543 893 3634 imperatorem
912 3544 1060 3628 vidimus,
1081 3545 1113 3613 in
1139 3545 1261 3613 ltaliam
1284 3543 1422 3614 adventu
1441 3571 1472 3612 n.
1520 3545 1697 3614 Castonum

515 3675 644 3744 quoque
674 3653 714 3723 de
745 3655 776 3722 la
793 3653 897 3723 Turre
929 3678 1013 3724 nunc
1040 3655 1311 3747 archiepiscopum
1330 3656 1474 3746 appellat,
1494 3676 1528 3724 ut
1547 3655 1606 3724 alia
1628 3653 1698 3723 loca

516 3769 683 3836 omittam:
708 3791 788 3858 quae
818 3769 927 3838 omnia
959 3786 1095 3837 aetatem
1114 3767 1252 3836 hominis
1279 3769 1529 3838 luculentissime
1547 3766 1696 3860 produnt.

517 3881 613 3950 Illum
631 3904 709 3950 vero
728 3881 831 3952 adbuc
848 3885 880 3952 in
896 3883 977 3952 vivis
993 3881 1088 3952 fuisse
1108 3882 1228 3953 circiter
1243 3906 1366 3952 annum
1386 3903 1468 3974 1330
1484 3907 1524 3952 ex
1539 3881 1697 3976 Manipulo

509 3995 623 4087 florum
642 3997 819 4066 Gualvanei
838 3998 877 4066 de
905 3998 933 4066 la
958 3999 1114 4083 Flamma,
1133 3998 1241 4087 quiin
1265 3998 1325 4066 hac
1343 4001 1410 4088 ipsa
1436 3999 1624 4070 collectione
1642 4023 1696 4069 oc·

517 4129 630 4195 curret,
642 4111 734 4180 facile
749 4113 895 4182 evincere
909 4135 1088 4203 possumus.
1134 4112 1296 4182 Scribebat
1309 4137 1366 4204 per
1380 4137 1418 4182 ea
1436 4133 1581 4206 tempora
1600 4115 1696 4185 Gual·

516 4249 647 4308 vaneus,
663 4249 915 4317 enumeransque
933 4227 1112 4310 historicos,
1130 4227 1243 4316 quibus
1263 4227 1302 4297 ad
1320 4251 1411 4298 suam
1429 4230 1515 4298 illam
1534 4231 1696 4300 historiam

515 4340 749 4410 contexendam
768 4364 843 4410 usus
860 4340 972 4425 fuerat,
988 4343 1068 4410 inter
1083 4361 1204 4410 ceteros
1222 4341 1318 4410 libros
1334 4363 1568 4413 commemorat
1584 4345 1696 4414 Titum

516 4455 644 4524 Liuium
673 4456 757 4547 apud
787 4455 967 4526 Iohannem
996 4458 1035 4526 de
1066 4459 1256 4528 Cermenate
1286 4461 1497 4532 adservatum.
1543 4461 1633 4531 Tum
1661 4463 1696 4530 in

514 4571 623 4640 Politia
645 4572 774 4656 novella,
801 4594 898 4662 quant
917 4592 990 4641 ante
1010 4573 1182 4642 nonnullos
1205 4599 1306 4644 annos
1333 4579 1599 4669 promulgaverat,
1619 4569 1721 4648 haec'

515 4683 618 4753 addit:
640 4687 754 4775 capud
780 4687 959 4758 Iohannem
986 4688 1026 4756 de
1052 4689 1243 4759 Cermenate
1262 4691 1339 4760 liber
1357 4691 1400 4760 T.
1421 4693 1523 4777 Livii;
1549 4693 1697 4763 chronica

519 4797 656 4866 «iacobi
688 4799 726 4867 de
756 4801 864 4870 Luude
882 4802 916 4870 dc
944 4803 1071 4870 historiis
1094 4803 1292 4874 Larrdensium
1315 4821 1416 4876 curura
1441 4807 1673 4876 Mediolanenses
1681 4832 1695 4892 ;
