3860 5884
502 507 546 574 44
974 497 1219 554 sarsronsn

501 723 572 816 plus
590 722 741 792 servitute
760 737 912 803 mortem,
934 742 1003 790 non
1025 717 1125 788 modo
1143 739 1235 786 suam
1254 738 1367 786 verum
1386 716 1483 784 etiam
1502 731 1691 786 cunctomm

503 839 621 907 civium
639 837 816 906 libertatem
834 855 970 927 ponunt.
1020 836 1085 904 heu
1103 857 1201 926 quam
1224 855 1324 924 parvo
1350 831 1532 902 discrimine
1551 829 1692 922 perditur

502 955 589 1046 quod
603 953 693 1023 nullo
712 954 815 1042 pretio
830 952 895 1020 emi
907 969 1024 1042 potest,
1039 949 1190 1041 quodque
1204 950 1279 1018 viris
1297 947 1399 1018 carius
1414 965 1462 1018 est
1476 949 1566 1016 omni
1581 947 1647 1015 vita
1662 946 1692 1037 ll

501 1073 607 1160 itaque
621 1087 688 1138 tarn
705 1070 842 1160 pretiosa
860 1091 920 1150 res,
938 1067 1076 1151 libertas,
1099 1085 1130 1136 et
1148 1065 1288 1158 perditae
1306 1065 1393 1155 leges
1413 1063 1525 1155 populi
1547 1063 1691 1134 animum
1717 1077 1757 1144 75

501 1207 570 1254 non
592 1207 735 1268 movere,
758 1207 862 1274 neque
890 1183 983 1252 ullius
1007 1183 1188 1252 certaminis
1212 1200 1266 1252 aut
1287 1180 1443 1252 tumultus
1475 1203 1570 1250 causa
1591 1179 1691 1262 suere,

500 1325 614 1371 verum
636 1301 789 1370 vilissima
807 1323 869 1383 res,
886 1299 1031 1388 pecunia,
1050 1321 1214 1368 murmure
1233 1298 1349 1388 primo,
1368 1296 1544 1366 tumultum
1562 1315 1595 1366 et
1612 1296 1692 1364 iram

500 1420 609 1512 populi
631 1419 796 1502 suscitans,
820 1439 957 1508 magnae
980 1416 1146 1486 seditionis
1169 1438 1206 1484 ac
1228 1416 1298 1506 regi
1320 1437 1457 1505 magnae
1478 1413 1575 1484 cladis
1598 1435 1692 1484 causa

499 1533 560 1604 init
570 1535 616 1604 (¹).

564 1650 639 1719 XX.
679 1649 741 1718 Hic
759 1650 879 1718 etenim
896 1671 953 1718 tex
972 1667 1091 1729 noster,
1110 1669 1185 1715 vere
1196 1645 1232 1702 (·)
1251 1647 1477 1735 magnanimus
1495 1664 1528 1715 et
1541 1645 1691 1714 omnium

498 1767 652 1836 virtutum
672 1765 771 1848 dives,
781 1783 846 1834 erat
865 1766 999 1856 pecunia
1018 1783 1051 1832 et
1069 1786 1146 1833 auro
1160 1763 1296 1832 nimium
1312 1785 1440 1853 pauper,
1457 1760 1517 1854 [et]
1533 1761 1614 1832 nihil
1630 1761 1690 1830 nisi

499 1883 613 1951 Italicis
632 1881 786 1951 adiunctis
805 1879 918 1970 opibus
937 1879 1092 1970 propositi
1106 1901 1200 1969 agere
1218 1880 1355 1948 omnino
1374 1877 1504 1948 volebat
1521 1875 1567 1944 (l).
1613 1899 1690 1946 con·

498 1999 618 2067 vocatis
630 1999 735 2087 itaque
746 1997 909 2086 utriusque
925 1995 1071 2064 factionis
1091 1994 1266 2064 Mediolani
1284 1993 1476 2084 primoribus
1491 2014 1522 2062 et
1534 1993 1690 2084 magnati·

498 2113 568 2194 bus,
587 2113 811 2202 propositaque
830 2113 874 2179 eis
894 2111 1080 2180 necessitate
1095 2110 1190 2200 regis,
1210 2109 1373 2178 subveniri
1391 2108 1462 2192 sibi,
1475 2131 1544 2177 non
1559 2109 1620 2177 nisi
1634 2130 1691 2178 sua
1718 2122 1736 2189 5

497 2248 625 2320 sponte,
647 2229 781 2318 petitum
805 2247 861 2296 est.
909 2249 1022 2296 uerum
1047 2245 1120 2295 ante
1143 2226 1354 2314 praesentiam
1373 2225 1523 2294 omnium
1540 2224 1572 2280 (ι)
1595 2225 1690 2293 inter-

498 2366 606 2414 cessor
627 2344 710 2434 regis
733 2361 810 2425 erat,
829 2365 927 2432 penes
949 2366 983 2412 se
1003 2342 1192 2432 scriptorem
1214 2359 1338 2423 tenens,
1358 2341 1409 2410 cui
1436 2358 1560 2424 «nota,
1578 2341 1691 2430 inquit,

498 2459 575 2552 quid
597 2477 704 2528 tantae
722 2457 807 2528 urbis
827 2459 911 2528 cives
929 2457 1042 2528 offerre
1061 2457 1096 2514 (ἆ)
1115 2457 1230 2526 ιοΙιιιιι
1246 2459 1313 2546 regi
1324 2482 1355 2524 u.

564 2577 657 2646 XXI.
704 2575 801 2644 Tunc
819 2575 854 2630 (ι)
873 2575 927 2643 ubi
941 2575 1067 2664 sopiens
1094 2593 1127 2644 et
1150 2573 1274 2643 salubre
1291 2574 1461 2643 consilinm
1480 2591 1590 2643 nostra
1603 2595 1692 2664 prae-

498 2713 571 2758 sens
591 2687 732 2759 conditio
750 2688 940 2780 postulabat,
956 2689 1062 2758 stolidi
1080 2690 1167 2758 cives
1185 2689 1287 2758 nostri
1301 2711 1361 2758 suo
1378 2710 1480 2772 more,
1494 2687 1546 2757 alii
1560 2689 1689 2780 proprio

498 2805 611 2876 intenti
634 2804 822 2888 commodo,
845 2805 896 2873 alii
929 2804 1100 2888 iracundia,
1124 2805 1206 2874 sorte
1229 2805 1280 2874 vel
1302 2805 1379 2874 odio
1408 2807 1499 2890 moti,
1523 2805 1690 2874 utilitatem

497 2920 685 3010 reipublicae
703 2944 832 3011 prorsus
851 2921 940 2990 obliti
958 2922 1077 3004 sunt,ii
1096 2921 1214 2988 scilicet
1231 2921 1298 3010 qui,
1311 2943 1385 3011 prae
1409 2921 1538 2990 caeteris
1558 2919 1690 3004 civibus,

498 3037 630 3106 honoris
659 3055 692 3106 et
718 3036 883 3106 commodi
910 3037 1048 3107 multum
1078 3057 1284 3127 perceperant
1313 3039 1346 3107 in
1377 3037 1454 3106 urbe
1472 3060 1540 3106 sua.
1585 3037 1691 3126 itaque
1719 3063 1738 3128 5

497 3175 578 3242 quae
601 3155 672 3222 usui
695 3175 765 3222 esse
788 3151 956 3234 debebant,
984 3153 1102 3221 civium
1126 3151 1307 3222 detrimenti
1330 3171 1362 3222 et
1387 3154 1571 3222 communis
1594 3152 1692 3222 cladis

498 3292 592 3339 causa
609 3268 707 3338 fuere.
754 3293 830 3338 narn
847 3269 895 3336 his
918 3268 1109 3358 primoribus
1133 3267 1218 3338 urbis
1237 3288 1375 3352 nostrae,
1392 3269 1517 3359 quibus,
1536 3269 1626 3360 quod
1645 3269 1693 3338 di·

499 3406 601 3474 gnum
625 3383 713 3453 dono
735 3385 818 3474 regis
841 3383 934 3467 foret,
957 3382 1089 3452 facultas
1113 3381 1185 3452 data
1208 3404 1274 3453 erat
1297 3383 1411 3468 dicere,
1429 3385 1462 3453 in
1485 3405 1601 3468 uniam,
1620 3404 1693 3454 ante

500 3584 600 3632 cavetur,
609 3577 671 3636 qnod
685 3577 727 3624 iste
740 3577 850 3623 Nitolana
864 3577 931 3622 nullis
945 3577 1029 3622 nostris
1043 3576 1130 3636 legibus
1143 3585 1251 3634 teneatur,
1265 3579 1327 3637 qnod
1336 3579 1387 3623 llcet
1398 3579 1524 3636 perdendae
1533 3578 1642 3624 libertatis
1652 3578 1693 3622 lni-

501 3655 633 3714 tlnmioret,
647 3657 718 3703 nihilo
731 3665 805 3703 tamen
823 3657 910 3702 anisasos
920 3657 1031 3715 percussit
1043 3657 1119 3716 populi
1136 3665 1175 3702 aut
1189 3657 1257 3702 ullius
1266 3659 1376 3703 tumultus
1389 3670 1457 3704 mnas
1468 3658 1516 3704 suit
1540 3669 1617 3704 rento
1633 3657 1693 3703 assia-

500 3737 556 3784 sima
610 3737 641 3793 (ι)
656 3737 684 3783 la
698 3736 739 3782 Bi
752 3749 835 3782 mosea
849 3749 899 3783 sere
958 3738 989 3794 (b)
1005 3736 1044 3782 Bb
1059 3737 1113 3782 nihil
1133 3737 1175 3782 nial
1191 3737 1275 3782 Italicis
1288 3737 1427 3785 adiutus.
1442 3739 1529 3784 valebat
1596 3739 1626 3794 (cl
1640 3746 1693 3784 ante

499 3827 539 3861 ora
549 3815 651 3861 omnium
691 3816 722 3872 (d)
737 3817 779 3862 Aa
793 3815 877 3862 deferre
933 3816 962 3872 (e)
978 3817 999 3861 ll
1011 3829 1063 3874 rap.
1080 3815 1136 3862 XXI
1149 3817 1174 3862 irs
1187 3817 1208 3860 B
1220 3817 1317 3875 a's'as‘pla
1331 3818 1396 3863 coel:
1410 3817 1460 3864 Hoc
1474 3819 1533 3874 loco,
1548 3825 1573 3863 ιιι
1585 3817 1693 3877 antiquus

499 3895 564 3940 nobis
577 3907 626 3940 moa
639 3903 681 3950 est,
695 3907 737 3941 nee
750 3895 862 3954 sapienter
875 3895 1010 3955 promissum
1024 3905 1058 3942 est
1072 3895 1126 3954 regi,
1138 3909 1166 3942 ea
1180 3909 1226 3954 qua
1239 3897 1389 3954 promissione
1403 3909 1444 3943 nec
1462 3897 1524 3943 urbis
1538 3905 1636 3950 nonnae,
1651 3909 1694 3942 nen

499 3973 558 4030 regis
574 3971 681 4030 conditio,
697 3981 723 4020 nt
738 3973 792 4018 milri
808 3974 906 4030 ridetur,
920 3975 1039 4022 salubriter
1056 3982 1151 4022 tractata
1172 3983 1215 4032 est,
1229 3983 1302 4034 spreta
1320 3975 1422 4034 nomque
1441 3976 1564 4030 honntate,
1582 3975 1631 4022 sine
1648 3987 1693 4034 qua

500 4065 611 4112 nnsqnsro
625 4053 668 4099 erit
681 4053 767 4100 utilitas
780 4067 854 4113 neque
867 4055 935 4100 salua.
963 4067 1014 4100 naro
1028 4055 1066 4101 nbi
1080 4055 1147 4102 huius
1160 4055 1231 4114 pratia
1244 4055 1276 4101 rei
1286 4054 1412 4114 principans
1425 4055 1487 4102 nabla
1501 4055 1624 4104 consilinm
1637 4069 1694 4104 eon·

499 4141 616 4192 gregatmn
630 4141 671 4188 est,
681 4133 768 4190 quibus.
778 4131 832 4191 quid
846 4133 940 4190 dIgnnrn
949 4133 1008 4178 dono
1017 4133 1076 4191 regis
1089 4133 1155 4190 lora,
1169 4135 1244 4180 dicere
1257 4135 1352 4180 facultas
1366 4135 1416 4180 data
1431 4143 1472 4190 est,
1487 4143 1603 4193 praesente
1616 4144 1692 4182 tamen

499 4225 526 4259 ao
539 4211 663 4258 solicitante
677 4213 741 4270 regio
750 4213 843 4270 nuncio,
857 4214 923 4258 cuius
936 4215 1084 4269 ρηειειιιίιιιι
1099 4215 1160 4260 velut
1173 4215 1295 4272 degesta-ea
1307 4214 1389 4260 lortius
1397 4227 1470 4273 aequo
1483 4215 1570 4270 tiroenl,
1581 4216 1638 4262 lntes
1652 4227 1693 4260 eos

500 4293 538 4339 diu
548 4293 661 4340 silentium
671 4293 722 4340 init.
750 4293 839 4338 undena
849 4305 902 4338 cnm
915 4301 1073 4351 expectaretur
1086 4293 1153 4339 huius
1162 4293 1284 4352 prorniasor
1293 4295 1401 4348 muneris,
1411 4295 1473 4340 nullo
1487 4295 1543 4353 qnid
1552 4293 1692 4342 offerendum

499 4373 528 4418 sit
538 4373 667 4430 nunciante,
678 4371 775 4418 nobilem
789 4381 811 4418 et
821 4373 939 4418 honarum
954 4373 1028 4418 civem
1041 4371 1187 4418 Guilleimuns
1200 4371 1228 4417 de
1242 4373 1341 4418 Postula
1355 4373 1413 4418 Inter
1425 4380 1526 4420 caeteros
1539 4374 1614 4420 minna
1623 4375 1692 4420 sanbl-

499 4453 561 4500 tione
573 4463 703 4512 suspectum
712 4460 821 4512 apertam,
831 4459 900 4511 atque
910 4451 965 4511 qnid
978 4465 1044 4510 anper
1055 4453 1098 4498 hoc
1107 4451 1200 4508 dignum
1210 4452 1239 4498 ait
1248 4451 1333 4498 dictum
1342 4453 1449 4502 axeium
1477 4469 1574 4514 cumque
1582 4457 1634 4502 lnde
1642 4468 1667 4502 ae

536 4615 578 4684 (ι)
593 4614 673 4672 Delle
688 4613 811 4672 violeaae
826 4614 853 4668 di
867 4613 985 4670 NIccolo
1004 4613 1074 4668 Bon·
1118 4612 1187 4668 altra
1200 4613 1409 4670 testimonianze
1423 4615 1469 4672 all'
1476 4615 1577 4674 insumi
1589 4619 1617 4674 di
1631 4635 1694 4692 que·

501 4697 603 4768 algnori
624 4715 703 4754 verso
722 4699 834 4772 Pagano
857 4698 929 4754 della
947 4698 1035 4754 Torre
1058 4715 1073 4754 e
1117 4711 1161 4756 sto
1174 4699 1311 4772 luogodel
1323 4699 1355 4756 C.
1387 4699 1430 4756 Ci.
1446 4701 1573 4770 Gratanter,
1584 4721 1629 4777 op.
1640 4705 1695 4772 cit,

501 4779 613 4838 Steiano
631 4783 658 4838 di
676 4784 869 4842 Vscomercato
889 4801 946 4840 non
968 4785 1073 4840 dmane
1118 4783 1192 4852 VIII,
1206 4783 1267 4856 607.
