3860 5890
631 527 662 586 1.
688 527 747 582 nn
775 527 1086 586 ennunnnrn.
1408 535 1449 602 99

261 769 316 816 rex
341 747 440 816 lanua
456 745 641 830 discederet,
661 747 853 818 Guillelmus
876 748 1086 832 Cavalcabos,
1105 771 1204 839 quem
1222 751 1361 842 praedixi
1385 755 1450 822 exi-

261 861 339 930 lium
362 863 468 952 potius
491 861 623 952 elegisse
641 884 739 951 quam
758 863 979 952 Supramontis
998 865 1139 932 concivis
1161 865 1209 934 sui
1232 865 1265 934 in
1288 865 1449 934 deditione

260 977 385 1045 socium
405 997 484 1058 esse,
508 975 586 1044 dum
610 975 724 1044 crebris
747 977 985 1046 excursionibus
1009 979 1041 1045 in
1060 999 1173 1068 agrum
1192 979 1448 1050 Cremonensem

190 1112 233 1180 30
260 1089 519 1180 populationibus
548 1111 580 1160 et
602 1088 757 1160 incendiis
776 1090 892 1160 bellum
917 1093 1009 1182 gerit.
1051 1093 1193 1183 dumque
1223 1095 1303 1162 circa
1325 1095 1448 1164 exitum

259 1205 378 1274 mensis
409 1207 541 1274 ianuarii
573 1203 653 1274 forte
676 1229 743 1274 non
766 1205 876 1296 procul
906 1205 946 1275 ab
969 1206 1045 1276 urbe
1068 1231 1142 1277 cum
1165 1209 1273 1298 paucis
1291 1209 1448 1299 equitibus

258 1319 443 1410 praedatum
468 1321 565 1403 venit,
589 1343 665 1388 suae
690 1319 835 1389 factionis
864 1321 940 1388 civis
964 1323 1100 1411 cognitis
1118 1323 1228 1412 signis,
1246 1321 1287 1391 ad
1305 1347 1379 1392 eum
1398 1347 1447 1392 se·

260 1455 353 1502 curus
372 1433 478 1516 currit,
501 1435 660 1524 inquiens:
677 1435 891 1518 «Guillelme,
910 1435 1039 1504 exilium
1058 1457 1149 1506 tuum
1169 1437 1309 1528 plerique
1329 1439 1446 1508 civium

260 1570 326 1616 non
357 1549 465 1618 minus
491 1569 523 1618 te
547 1551 616 1638 ipso
639 1571 733 1639 aegre
756 1549 896 1618 ferimus.
943 1573 1018 1620 vere
1049 1551 1173 1640 aegrius
1195 1575 1292 1641 quam
1316 1571 1447 1636 temere,

190 1685 207 1751 3
212 1685 229 1750 5
260 1685 297 1730 ac
316 1660 428 1730 frustm
447 1662 612 1746 incendiis,
628 1663 886 1755 populationibus
905 1687 1053 1755 agrorum
1074 1689 1110 1735 ac
1135 1667 1291 1735 rusticana
1306 1667 1445 1756 praedia,

261 1795 446 1868 ternosque
469 1775 581 1869 fatigas
603 1779 707 1869 etqui
730 1797 761 1848 te
784 1778 974 1862 desiderant,
998 1779 1267 1850 Cremonensium
1291 1781 1445 1851 invidiam

257 1891 418 1982 quaeris».
441 1891 490 1960 his
502 1893 604 1961 verbis
619 1915 695 1962 eum
707 1895 890 1984 increpans:
908 1921 924 1959 e
940 1917 1096 1978 convoca,
1107 1895 1221 1964 deinde
1233 1895 1345 1985 inquit,
1356 1897 1446 1966 Guil-

257 2005 362 2088 lelme,
386 2007 492 2076 socios
515 2025 599 2092 tuos,
623 2026 655 2076 et
681 2009 749 2078 sine
775 2031 865 2076 mora
893 2031 949 2098 per
970 2010 1181 2099 propinquam
1203 2009 1297 2079 nobis
1320 2027 1445 2100 portam

257 2121 352 2207 illico,
376 2125 402 2194 si
426 2124 578 2209 volueris,
599 2145 762 2216 patentem
791 2126 956 2217 ingredere
986 2125 1095 2196 urbem
1119 2145 1217 2209 tutus,
1245 2149 1281 2196 ac
1310 2129 1444 2218 patriam

185 2257 229 2324 40
256 2261 345 2310 tuam
364 2243 498 2332 percipe.
544 2243 597 2333 qui
617 2244 657 2312 ad
679 2261 805 2331 portam
824 2242 996 2312 statimem
1015 2241 1133 2312 iaciunt
1152 2241 1315 2312 custodiae
1339 2264 1445 2328 causa,

256 2358 350 2426 amici
372 2377 455 2426 sunt.
501 2359 665 2427 neminem
694 2358 894 2428 resistentem
924 2359 1076 2426 invenies.
1123 2381 1164 2427 ne
1196 2359 1320 2428 timeas.
1367 2381 1444 2428 con·

256 2469 384 2542 ductam
408 2473 547 2542 militum
580 2451 716 2547 turbam.
739 2475 881 2564 equitum
914 2491 1009 2562 atque
1038 2473 1182 2562 pediturn
1206 2473 1323 2543 Galeaz
1351 2475 1443 2542 Vice-

255 2611 365 2658 comes
388 2589 419 2658 in
439 2587 675 2680 expeditionem
695 2587 772 2658 urbe
794 2587 905 2680 procul
924 2589 1020 2672 misit,
1034 2588 1088 2678 qui
1105 2588 1182 2658 urbe
1197 2607 1305 2658 nostra
1325 2611 1443 2678 magna

255 2721 366 2792 regnat
380 2701 510 2784 invidia,
526 2703 647 2772 invisus
662 2703 784 2772 cunctis
800 2703 931 2772 civibus.
977 2702 1114 2772 timesne
1129 2703 1184 2793 qui
1200 2703 1232 2772 in
1252 2703 1348 2772 exilio
1363 2705 1445 2788 nati,

184 2833 224 2900 45
254 2819 383 2908 quique,
401 2817 596 2886 Germanico
613 2841 688 2908 rege
716 2815 879 2900 suadente,
903 2817 963 2886 nisi
987 2817 1082 2908 partis
1105 2835 1231 2885 nostrae
1249 2816 1440 2907 principibus

254 2933 339 3024 prius
364 2933 461 3022 captis
489 2951 543 3000 aut
562 2932 700 3022 expulsis
719 2931 829 3002 urbem
848 2933 963 3000 intrare
981 2930 1145 3014 timebant,
1164 2953 1302 3021 quornm
1317 2931 1349 3000 in
1365 2929 1442 3000 urbe

254 3045 340 3114 nulla
363 3044 457 3116 saccio
475 3065 541 3130 est;
559 3047 675 3138 quippe
689 3045 820 3115 diversis
839 3045 918 3114 locis
940 3047 1005 3114 nati
1029 3046 1212 3134 nutritique,
1235 3047 1289 3114 vix
1312 3045 1394 3114 inter
1408 3065 1442 3112 se

255 3163 321 3232 noti
337 3181 422 3246 sunt,
442 3162 538 3252 hique
555 3183 614 3253 pro
629 3162 708 3230 duce
728 3160 882 3230 Iacobum
901 3160 941 3230 de
960 3159 1147 3232 Radenasco
1163 3159 1197 3214 (⁸)
1209 3158 1342 3228 divitem
1357 3183 1443 3228 mer·

255 3298 393 3346 catorem
418 3277 545 3360 babent,
569 3277 625 3368 qni
648 3277 777 3346 ubilibet
796 3301 892 3368 quam
916 3277 1099 3348 Cremonae
1117 3275 1226 3344 notior
1243 3273 1315 3344 est?
1358 3297 1441 3364 quos

187 3405 227 3472 50
255 3391 335 3460 ultra
358 3392 417 3461 bos
436 3392 521 3460 cives
541 3391 634 3462 buius
657 3393 746 3462 ducis
765 3413 917 3484 sequaces
934 3391 1107 3474 existimas,
1126 3391 1292 3482 praecipue
1315 3413 1390 3460 cum
1410 3409 1442 3460 te

255 3507 335 3574 intra
361 3527 471 3576 muros
494 3505 579 3576 urbis
602 3507 814 3577 senserintls
864 3527 895 3576 at
917 3505 1119 3588 Guillelmus,
1138 3503 1311 3574 nominatis
1334 3521 1441 3574 custo·

253 3619 345 3690 dibus
374 3641 484 3712 portae
511 3620 605 3704 urbis,
629 3623 661 3690 in
691 3643 830 3712 quorum
853 3621 917 3690 fide
947 3620 1026 3706 fidit,
1057 3643 1157 3690 unum
1180 3644 1222 3690 ex
1251 3619 1297 3688 eis
1320 3619 1442 3710 eligens

254 3755 348 3826 atque
371 3737 429 3804 sibi
448 3737 630 3820 nominans,
652 3763 668 3802 a
685 3735 768 3822 huic,
784 3737 896 3828 inquit,
913 3735 1061 3806 audacter
1079 3737 1247 3825 negotium
1260 3733 1382 3826 pandas
1395 3733 1440 3817 Φ),

253 3871 285 3920 et
307 3873 417 3920 secum
440 3849 650 3942 perficiendae
680 3852 723 3920 rei
754 3852 889 3920 celerem
913 3875 1020 3922 curam
1045 3849 1170 3920 babeas.
1216 3871 1359 3941 propera,
1379 3847 1440 3932 dic,

185 3982 223 4048 55
255 3967 362 4048 venio,
386 3989 445 4036 nec
469 3965 613 4036 inhuius
632 3967 677 4036 rei
698 3966 934 4049 deliberatione,
953 3969 980 4036 si
999 3967 1061 4036 ulla
1085 3967 1165 4036 adsit
1184 3987 1284 4048 mora,
1314 3985 1441 4055 prospe·

255 4103 326 4149 rum
344 4103 533 4152 secummve
557 4082 649 4152 nobis
677 4081 793 4174 aliquid
812 4105 881 4152 esse
900 4101 1015 4174 potest.
1061 4079 1131 4150 heic
1150 4101 1207 4171 pro
1231 4079 1365 4149 consilio
1389 4101 1439 4148 ce·

254 4193 370 4279 lentas,
387 4215 419 4266 et
442 4197 476 4266 in
499 4197 567 4266 sola
591 4197 746 4266 celeritate
766 4217 892 4266 nostrae
915 4197 1025 4268 salutis
1041 4197 1093 4265 via
1110 4195 1169 4264 sita
1187 4213 1234 4264 est
1248 4221 1279 4264 a.
1326 4192 1440 4263 deinde

253 4311 347 4398 signo
369 4309 446 4380 dato
472 4311 566 4380 sociis
589 4311 670 4380 circa
692 4335 726 4380 se
754 4311 875 4402 positis,
910 4311 1119 4402 «sequimini
1143 4333 1209 4394 me,
1231 4309 1345 4398 inquit,
1363 4309 1440 4398 quin

253 4423 356 4492 immo
375 4423 546 4508 fortunam
573 4447 656 4515 qnae
679 4423 775 4494 bodie
799 4425 937 4494 multum
962 4424 1097 4516 propitia
1123 4422 1217 4491 nobis
1240 4419 1321 4490 iacta
1340 4439 1388 4488 est
1407 4446 1439 4488 a.

184 4541 226 4606 60
254 4537 357 4628 itaque
377 4561 451 4608 cum
481 4539 588 4629 paucis
613 4561 681 4610 non
704 4561 840 4609 numero
863 4557 1005 4621 centnm,
1023 4561 1090 4608 non
1111 4535 1204 4622 clam,
1234 4533 1290 4604 sed
1322 4533 1441 4626 palam,

308 4799 537 4856 (nummum
552 4801 624 4848 ee...
707 4799 912 4860 (ermera-
