3860 5884
625 537 656 596 1.
683 535 740 593 on
769 535 1083 594 cnnnnnarn.
1402 521 1442 606 69

254 759 386 842 dederit,
400 782 468 830 non
487 759 588 829 modo
605 759 723 842 salvus,
734 781 847 828 verum
865 759 962 828 eriam
976 759 1011 828 in
1031 759 1101 829 aula
1120 757 1237 827 electus
1256 759 1316 826 eris
1326 759 1357 825 ”.
1396 759 1445 828 in·

162 893 224 960 315
253 895 339 945 terea
364 875 522 944 Henricus
540 873 771 964 {marescalcus
794 873 834 942 ad
856 897 891 942 se
913 891 1046 942 vocatus
1070 873 1170 956 venit,
1192 875 1243 941 cui
1266 875 1445 942 Bassanum
1505 909 1604 958 c.139!

254 991 293 1060 de
307 991 454 1080 Fixiraga
464 1013 580 1080 meque
592 1011 704 1060 secum
718 989 944 1060 custodiendos
958 988 1054 1070 dedit,
1071 1007 1183 1078 atque:
1198 997 1219 1028 ‘⁸
1232 987 1282 1058 his
1291 988 1326 1044 (⁸)
1338 1007 1445 1058 tecum

254 1105 400 1188 vadibus,
418 1105 533 1196 inquit,
551 1104 681 1176 accedas
705 1105 816 1176 urbem
840 1103 978 1188 Laudae,
997 1123 1029 1173 et
1051 1105 1078 1172 si
1097 1101 1174 1194 quid
1192 1101 1373 1174 rebellionis
1396 1103 1445 1174 in·

254 1223 375 1304 venies,
393 1219 442 1292 l'ac
468 1221 564 1290 ambo
583 1221 742 1312 pendeant
759 1221 884 1311 laqueo,
904 1222 936 1290 in
957 1238 1131 1310 conspectu
1150 1218 1328 1302 rebellium,
1346 1241 1445 1308 prope

254 1357 376 1428 portam
391 1335 506 1408 deinde
525 1337 624 1428 captis
636 1339 798 1428 caesisque
812 1337 947 1418 colonis,
960 1334 1162 1406 laudensem
1174 1357 1288 1424 agrum
1302 1331 1445 1423 undique

164 1436 228 1534 300
255 1449 406 1520 incendio
424 1473 542 1542 ponas;
560 1448 688 1540 quidde
705 1451 767 1520 hoc
785 1451 930 1520 Antonio
949 1469 981 1520 et
1003 1448 1130 1540 reliquis
1148 1447 1362 1538 proditoribus
1377 1447 1443 1533 fiat,

254 1587 310 1654 per
333 1563 427 1634 buius
446 1563 584 1634 incendii
603 1565 733 1654 signum
755 1562 939 1654 significans
962 1563 1055 1632 nobis
1070 1564 1177 1632 statim
1189 1561 1221 1630 ’'.
1268 1563 1385 1652 itaque,
1402 1563 1445 1630 ci·

254 1702 310 1748 ves
325 1679 373 1762 θ),
386 1697 524 1748 vestram
539 1700 577 1748 ac
595 1697 736 1748 nostram
752 1679 839 1746 scitis
856 1677 1074 1748 conditionem
1083 1703 1093 1762 ;
1110 1677 1208 1766 igitur
1223 1677 1256 1732 (θ
1270 1677 1296 1744 si
1311 1675 1444 1766 indigna

254 1816 290 1864 ac
306 1797 422 1864 misera
445 1813 626 1864 vestrorum
645 1795 825 1885 legatorum
840 1815 939 1879 mors,
951 1817 1032 1884 quos
1048 1815 1115 1864 non
1133 1794 1229 1884 regis,
1244 1815 1357 1862 verum
1371 1815 1445 1860 sen·

253 1913 353 1982 tentia
371 1931 476 1982 vestra
493 1931 597 1995 necat,
612 1911 729 1982 nullius
745 1929 887 1981 vestrum
903 1929 1027 1980 mentes
1040 1911 1154 1994 mollit,
1168 1932 1227 1979 vos
1243 1909 1357 1978 saltem
1373 1931 1444 1978 mo-

162 2039 224 2108 325
255 2045 325 2094 veat
334 2026 501 2116 proximus
516 2047 552 2094 ac
564 2045 666 2094 certus
679 2047 769 2094 casus
784 2023 888 2108 famis,
907 2046 988 2114 quae
1003 2023 1094 2092 vobis
1108 2023 1244 2092 obsessis
1259 2023 1323 2092 iarn
1338 2023 1443 2112 primo

253 2159 285 2210 et
302 2141 409 2210 subito
427 2141 587 2210 malorum
606 2162 715 2210 comes
734 2138 843 2209 aderit.
889 2160 970 2224 esto,
988 2139 1075 2231 quod
1094 2139 1187 2210 multi
1201 2139 1266 2208 iam
1278 2139 1443 2208 clarissimi

252 2257 321 2338 viri,
336 2273 368 2324 et
385 2253 622 2346 noslsimiliter
634 2277 693 2345 pro
706 2253 827 2346 populo
846 2255 1032 2338 moriamur,
1047 2252 1125 2324 dum
1145 2253 1207 2323 boc
1221 2255 1290 2324 sine
1311 2253 1444 2322 crimine
1497 2289 1510 2324 e
1535 2291 1603 2336 0οο

252 2387 359 2438 vestro
377 2368 445 2438 fieri
464 2369 574 2461 possit,
593 2389 626 2438 et
642 2369 756 2438 saltem
773 2367 851 2438 dum
868 2387 951 2440 certa
966 2388 1095 2441 maneat
1110 2369 1203 2440 vobis
1219 2369 1323 2460 aliqua
1335 2368 1444 2438 salutis

252 2485 314 2568 via,
332 2485 437 2570 dicite,
461 2507 593 2575 quaeso,
615 2484 701 2556 unde
724 2509 849 2556 novurn
872 2487 1016 2576 apparuit
1039 2487 1210 2557 consilium
1228 2505 1295 2554 tam
1318 2485 1441 2554 salubre

161 2619 225 2686 330
253 2599 368 2670 vobis?
412 2603 573 2692 crevitque
592 2602 651 2670 hac
670 2621 776 2686 nocte,
795 2623 876 2692 quae
896 2601 962 2670 heri
981 2623 1081 2672 vacua
1098 2601 1294 2692 reliquimus,
1314 2603 1348 2671 in
1366 2601 1442 2670 hor·

252 2717 312 2786 reis
323 2717 486 2808 ganum?
530 2716 652 2800 redibo,
664 2719 818 2808 quoniam
829 2719 872 2786 ita
884 2717 974 2786 sedet
989 2719 1099 2786 animo
1115 2735 1233 2800 vestro,
1249 2717 1317 2786 aliis
1331 2717 1443 2808 legatis

253 2831 363 2902 vestris
383 2851 487 2902 certus
501 2855 610 2902 comes
626 2835 722 2902 necis.
768 2831 1005 2902 sustinebitisne
1021 2835 1141 2902 tristem
1167 2832 1310 2902 abeuntis
1325 2830 1442 2901 faciem
1489 2895 1494 2906 .

253 2944 292 3014 ad
309 2965 376 3016 tam
395 2945 538 3017 deforme
557 2947 746 3038 patibulum,
764 2946 894 3018 latronis
913 2969 1016 3032 more,
1029 2946 1117 3038 quod
1131 2969 1198 3016 non
1215 2947 1341 3016 merui?
1386 2945 1442 3014 sed

252 3061 358 3144 video,
371 3062 475 3152 placet
488 3062 581 3131 vobis
599 3083 731 3154 peccato
743 3082 850 3132 vestro
863 3083 992 3154 peream
1005 3085 1078 3132 curn
1091 3061 1232 3146 caeteris,
1243 3083 1325 3152 qnos
1340 3062 1443 3153 perdit

162 3194 224 3264 335
252 3174 321 3242 sola
342 3173 426 3244 fraus
444 3193 559 3244 vestra.
606 3176 723 3245 credite
739 3177 892 3246 tamenin
907 3177 1067 3258 extremis,
1083 3177 1181 3260 mihi;
1200 3176 1357 3246 vaticinor
1370 3198 1442 3244 mo·

252 3291 350 3358 riens:
365 3291 444 3360 baec
458 3293 516 3361 etit
528 3291 620 3362 vobis
631 3311 704 3382 post
717 3315 871 3382 magnam
886 3311 1010 3383 pestem
1018 3291 1118 3361 fames
1137 3291 1377 3382 praeambulum
1389 3314 1442 3360 ve·

250 3421 332 3471 strae
345 3405 442 3472 necis.
480 3427 521 3474 an
537 3403 662 3474 creditis
674 3427 732 3474 vos
745 3406 874 3474 veniam
886 3407 1039 3475 meruisse
1050 3425 1123 3495 post
1135 3425 1276 3474 mortem
1287 3423 1441 3486 nostram,

251 3519 277 3588 si
296 3518 468 3590 rebellione
487 3539 591 3590 vestra
613 3521 789 3590 moriamur
801 3521 814 3587 i
826 3521 836 3612 l
849 3521 936 3592 nulla
954 3543 1047 3591 causa
1066 3523 1176 3606 nostri,
1196 3521 1257 3590 nisi
1277 3521 1358 3590 forte
1381 3544 1440 3611 pro

252 3659 344 3706 causa
362 3637 548 3728 simplicitas
571 3640 744 3727 imputetur
761 3637 864 3708 nobis.
910 3657 942 3708 at
957 3638 983 3706 si
1004 3637 1094 3708 vobis
1110 3637 1279 3708 incredulis
1294 3639 1381 3708 nulla
1395 3661 1441 3708 re·

161 3776 225 3846 340
251 3753 322 3842 giae
340 3753 560 3844 promissionis
579 3753 655 3822 boni
674 3772 769 3822 restat
791 3775 875 3845 spes,
892 3755 927 3822 in
946 3753 1042 3843 ipsius
1060 3753 1174 3824 saltem
1192 3754 1342 3844 principis
1362 3777 1441 3823 con·

250 3887 335 3939 sorte
348 3869 430 3940 tbori
445 3891 569 3962 sperare
585 3870 668 3954 licet,
685 3872 773 3940 cuius
788 3869 927 3962 benigna
939 3893 1003 3940 vox
1020 3893 1081 3942 nos
1093 3873 1126 3940 in
1138 3871 1209 3940 aula
1223 3894 1280 3941 sua
1296 3871 1441 3941 liberavit

251 4009 269 4054 a
287 3985 390 4054 nimio
407 3987 491 4076 regis
507 3985 628 4071 furore;
652 3984 767 4056 deinde
785 3987 924 4056 suaviter
937 3987 1041 4076 inquit
1063 3986 1166 4070 nobis,
1190 3989 1255 4054 iam
1269 4009 1326 4056 sua
1341 3987 1441 4056 inter·

253 4103 396 4174 cessione
417 4105 550 4174 securis:
574 4105 734 4195 “recipite
756 4103 910 4174 beneficia
932 4103 1026 4194 regis,
1049 4127 1141 4196 quae,
1160 4105 1188 4174 si
1217 4103 1323 4188 vultis,
1347 4103 1439 4172 vobis

251 4236 356 4307 parata
373 4237 467 4302 sunt;
486 4241 644 4310 nusquam
659 4217 757 4288 deerit
771 4219 863 4288 favor
881 4237 989 4288 noster
999 4219 1032 4288 ’'.
1074 4217 1160 4289 unde
1172 4221 1281 4290 nescio
1297 4237 1440 4308 emergat

161 4349 221 4416 345
252 4331 386 4421 amplius
406 4331 498 4400 vobis
516 4335 639 4402 timoris
659 4355 763 4415 causa,
783 4355 887 4423 neque
900 4333 1071 4424 quicquam
1088 4331 1214 4400 molesti
1230 4329 1366 4400 inferant
1379 4331 1440 4398 mi·

251 4441 320 4512 lites
339 4445 416 4534 regii
433 4443 612 4516 timendum
624 4463 682 4514 est.
721 4467 797 4514 narn
809 4444 949 4516 edictum
964 4447 1048 4536 regis
1059 4445 1174 4528 sciunt,
1185 4463 1220 4514 ut
1231 4443 1321 4514 omni
1338 4443 1439 4512 dorno

305 4821 497 4882 (eleurdrdlt.
524 4823 560 4868 bis
572 4831 647 4871 100000
701 4825 992 4884 (bldaiuqnevestrarn
1046 4825 1225 4886 (emeritaque
