3860 5884
483 565 526 650 64
956 581 1202 641 ursrortra

322 820 428 874 ο0111
481 806 608 897 operosi
625 827 698 874 cura
717 805 876 874 Francisci
895 805 935 875 10
954 807 1286 899 Garbagnate,lomni
1305 809 1479 900 suspitione
1498 811 1582 902 regis
1601 833 1676 882 curn
1708 811 1772 880 180

483 921 623 988 maxima
647 943 684 987 ac
702 919 808 988 solerti
824 920 1025 990 solicitudine
1042 944 1169 1013 prorsus
1185 921 1325 1013 dempta,
1344 941 1474 1014 uterque
1490 923 1523 992 in
1542 927 1676 1014 patriam

397 1109 401 1120 ,
482 1061 518 1105 01
543 1039 627 1126 regis
650 1037 785 1126 gratiam
810 1057 978 1107 revocatus
996 1059 1054 1109 est.
1101 1063 1178 1108 nam
1200 1040 1340 1131 plerique
1364 1063 1489 1122 eorum,
1513 1042 1569 1130 qui
1592 1043 1675 1112 Mat-

482 1171 571 1221 teum
590 1152 771 1221 ambitionis
791 1151 870 1222 vitio
887 1173 1114 1223 accusaverant
1129 1154 1213 1246 apud
1230 1177 1353 1244 regem,
1373 1178 1433 1224 nec
1451 1177 1510 1222 sua
1527 1157 1604 1224 vitia
1622 1179 1676 1225 oc-

483 1269 600 1338 cultore
625 1269 810 1352 valuerunt3
837 1271 914 1360 quin
933 1271 1031 1361 ipsius
1055 1272 1213 1341 Francisci
1236 1295 1334 1362 opera
1353 1290 1447 1363 atque
1471 1271 1589 1342 iudicio
1620 1296 1675 1343 rex

482 1385 699 1476 perpenderet,
727 1409 782 1454 eos
808 1389 915 1470 etiam,
938 1388 1086 1478 neglecto
1109 1388 1298 1478 reipublicae
1328 1413 1366 1458 ac
1389 1389 1574 1458 communis
1598 1390 1675 1460 boni
1708 1391 1769 1476 185

482 1499 598 1582 studio,
617 1522 676 1590 pro
695 1523 729 1568 se
748 1522 909 1590 quemque
921 1501 955 1556 (⁸)
977 1525 1013 1569 ac
1028 1523 1086 1592 pro
1101 1523 1159 1570 sua
1178 1501 1401 1592 magnitudine
1420 1501 1573 1572 laborare.
1610 1527 1676 1594 quo

481 1615 529 1700 fit,
542 1635 578 1685 ut
596 1617 650 1685 ubi
668 1618 713 1686 sic
728 1617 857 1700 vivitur,
872 1618 960 1708 quod
972 1619 1052 1688 vitio
1067 1621 1186 1688 civium
1198 1642 1372 1688 commune
1393 1619 1515 1688 bonum
1531 1623 1676 1711 propriae

483 1729 608 1799 utilitati
619 1733 832 1821 postponitur,
847 1734 1053 1821 potentiores,
1066 1733 1121 1824 qui
1135 1734 1232 1802 etiarn
1246 1756 1321 1823 prae
1337 1735 1466 1802 caeteris
1480 1734 1594 1804 vicinis
1611 1737 1675 1804 suis

482 1845 648 1914 molestius
675 1847 835 1916 servitutis
857 1848 972 1936 iugum
991 1845 1107 1932 lerunt,
1130 1850 1333 1936 tyrannicum
1351 1849 1522 1939 imperium
1541 1849 1575 1918 in
1600 1850 1675 1918 urbe

481 1984 669 2053 provocent.
716 1987 793 2032 nam
813 1963 892 2032 dum
907 1965 1039 2054 impune
1059 1987 1150 2034 more
1166 1987 1226 2034 100
1242 1966 1409 2056 proximos
1426 1963 1589 2035 inferiores
1605 1989 1674 2056 pre·
1709 1989 1775 2056 190

482 2095 586 2160 munt,
609 2077 747 2146 humiles
770 2077 950 2168 populares,
974 2079 1071 2146 etiam
1094 2079 1224 2162 invitos,
1247 2079 1286 2147 ad
1308 2078 1482 2148 creandum
1506 2079 1676 2148 dominum

482 2217 523 2260 ex
545 2192 736 2284 primoribus
756 2190 841 2261 urbis
864 2212 997 2284 cogunt,
1011 2193 1024 2285 ll
1043 2193 1083 2262 de
1106 2217 1171 2284 quo
1195 2194 1279 2276 licet,
1298 2212 1333 2264 01
1351 2191 1398 2276 111,
1422 2193 1584 2277 simulent,
1609 2216 1676 2262 non

483 2307 661 2392 confidunt,
681 2328 715 2378 ut
733 2309 846 2378 saltem
865 2333 1038 2400 pravorum
1057 2311 1177 2380 civium
1196 2311 1318 2380 iniuriis
1336 2309 1395 2378 sub
1418 2332 1625 2400 quocumque
1643 2309 1677 2364 (l)

482 2425 640 2516 regimine
665 2426 777 2494 vivant
800 2426 871 2508 tuti,
894 2426 1026 2496 unicum
1050 2427 1167 2516 potius,
1190 2447 1289 2518 quam
1311 2425 1426 2516 plures,
1450 2425 1596 2495 volentes
1619 2424 1677 2494 do·

484 2539 622 2610 minum.
1156 2565 1166 2580 ·
1712 2568 1773 2636 195

548 2657 592 2724 At
611 2657 760 2740 blatteus,
773 2679 830 2746 per
843 2655 948 2725 literas
965 2657 1060 2747 regis,
1080 2657 1166 2726 exilii
1185 2657 1264 2726 liber
1286 2656 1397 2740 lactus,
1418 2657 1453 2724 in
1471 2657 1605 2748 patriam
1629 2679 1677 2724 re·

483 2769 583 2853 diens,
603 2769 734 2859 Papiam
758 2770 857 2852 venit,
881 2793 956 2860 quo,
981 2768 1105 2839 visendi
1128 2771 1229 2862 gratia
1247 2772 1375 2860 antiqua
1398 2769 1568 2862 imperialis
1591 2770 1678 2840 urbis

484 2887 624 2970 moenia,
655 2888 780 2954 venisse
811 2909 922 2976 regem
945 2904 1085 2956 senserat
1098 2886 1133 2942 (1)
1140 2913 1150 2970 ;
1182 2887 1289 2978 ibique
1313 2887 1455 2976 benigno
1480 2886 1678 2978 segisvulto

483 3021 639 3092 receptus,
661 3025 786 3093 sperare
806 3003 911 3092 coepit
934 3004 1095 3072 intentum
1114 3025 1221 3071 suum.
1267 3025 1345 3072 nam
1368 3025 1443 3073 cum
1467 3003 1679 3074 discumberet

484 3137 557 3188 aute
575 3120 659 3210 regis
682 3119 807 3204 1001010,
827 3118 935 3188 oblato
954 3119 1014 3189 sibi
1036 3120 1141 3210 primo
1160 3121 1244 3210 regis
1263 3120 1394 3204 ferculo,
1417 3143 1497 3210 puer
1515 3119 1679 3210 Lupoldus
1709 3144 1777 3194 200

484 3237 630 3306 Austriae
662 3235 738 3320 dux,
761 3237 795 3306 in
820 3259 887 3328 quo
916 3237 1055 3306 blatteus
1079 3258 1233 3326 magnam
1255 3257 1346 3326 spem
1370 3235 1515 3326 praesidii
1539 3236 1677 3327 gerebat,

538 3485 571 3540 (0)
585 3495 720 3540 quemquam
735 3483 759 3526 111
774 3481 833 3528 Mur.
890 3481 919 3538 (b)
937 3481 981 3526 Bb
995 3493 1088 3540 quoque

487 3699 614 3756 «diolani
638 3711 664 3754 01
689 3698 746 3754 1010
769 3699 895 3754 omnium
921 3697 1062 3752 civitatum
1106 3696 1304 3754 1101100001οΙ
1324 3697 1423 3768 giorno
1443 3713 1471 3753 11
1493 3715 1507 3752 0
1527 3709 1597 3752 10110
1613 3697 1632 3754 il
1651 3713 1679 3768 15

486 3805 500 3834 u
512 3784 694 3840 Lombardiae
706 3783 852 3856 superioris
866 3782 1005 3847 tenuisset,
1019 3799 1061 3838 0...
1107 3783 1191 3858 aprile
1210 3782 1258 3853 (cl.
1278 3784 1407 3850 Bouunn,
1423 3798 1468 3855 op.
1483 3783 1539 3850 cit,
1556 3801 1582 3856 p.
1603 3782 1681 3856 ²⁸9)ss

487 3867 708 3924 «sustinentibus
742 3883 839 3922 eorum
862 3865 1011 3922 fautoribus
1036 3877 1063 3922 01
1108 3867 1198 3941 «quia
1221 3868 1265 3923 his
1292 3867 1387 3922 diebus
1412 3865 1562 3922 Mediolani
1591 3866 1683 3922 divina

487 3951 700 4026 «complicibus,
715 3951 781 4007 durn
800 3963 871 4006 esset
890 3952 961 4024 apud
976 3949 1063 4006 Trivi·
1109 3969 1189 4006 enon
1217 3963 1325 4025 poterat
1349 3949 1442 4004 andire
1468 3963 1579 4024 propter
1603 3950 1683 4004 inter·

488 4037 581 4092 «liunt
606 4053 669 4094 curn
695 4037 813 4092 exercitu
846 4052 898 4092 suo
923 4035 1062 4090 restitutus
1108 4037 1238 4092 «dictum
1256 4037 1377 4110 positum
1404 4051 1452 4108 per
1476 4035 1620 4090 dominum
1648 4035 1683 4090 10

487 4119 1062 4190 01101111101,ΛΙ110110111010013001οΡ10-
1108 4121 1303 4194 «Peregrues.
1326 4120 1498 4176 1110110111.
1519 4119 1580 4192 898.
1608 4119 1683 4174 L’in·

487 4204 1063 4278 00001100,Ρ11111000οο1001111101.ου-
1107 4207 1223 4260 terdetto
1250 4222 1306 4260 non
1331 4203 1359 4258 10
1386 4203 1456 4259 10110
1481 4203 1532 4258 che
1553 4203 1684 4274 nell’ago·

488 4308 598 4365 egusco
618 4291 717 4365 Papiae
736 4302 764 4344 01
781 4289 906 4346 Antonio
924 4287 959 4344 de
986 4288 1063 4343 Puni-
1107 4303 1150 4344 sto
1166 4288 1210 4344 del
1229 4305 1302 4359 1311.
1341 4287 1384 4344 Cf.
1399 4288 1583 4360 inproposito
1595 4286 1622 4341 la
1637 4288 1683 4343 let·

488 4395 577 4434 araca
590 4377 701 4433 Laudae
720 4375 847 4446 dominis,
866 4375 912 4448 qul
927 4373 1062 4430 adiunctis
1107 4385 1165 4428 tera
1174 4372 1313 4444 pontificia
1327 4389 1355 4426 n.
1371 4387 1450 4444 7274,
1463 4371 1508 4428 del
1523 4373 1556 4427 28
1570 4383 1682 4444 agosto:

489 4464 565 4519 «sibi
579 4461 721 4518 Turrianis
742 4459 878 4518 hostiliter
901 4463 1063 4516 comitatum
1109 4479 1124 4508 1
1133 4459 1237 4512 Datum
1252 4459 1281 4512 in
1295 4458 1415 4531 prioratu
1429 4460 1462 4513 de
1476 4454 1623 4513 Grausello
1638 4473 1682 4510 vc·

488 4567 502 4596 1
513 4546 749 4602 Mediolanensem
758 4542 1063 4612 intraverunqdesertus
1109 4563 1124 4594 α
1133 4541 1248 4598 nerabili
1259 4541 1335 4597 fratri
1350 4540 1474 4598 Arnaldo
1490 4543 1621 4614 episcopo
1633 4539 1682 4596 Sa·

489 4645 530 4684 ta
550 4629 605 4684 suis
613 4667 679 4684 .....
700 4627 862 4685 renuntiavit
886 4627 1011 4682 dominio
1034 4625 1062 4680 in
1110 4627 1224 4682 abinea.
1240 4626 1417 4699 Apostolicae
1429 4625 1508 4682 Sedis
1517 4625 1635 4698 legato»
1651 4623 1679 4680 in

489 4713 639 4769 «manibus
657 4713 815 4770 hostiurn».
1109 4713 1235 4782 Regestum
1260 4709 1391 4766 Clementis
1407 4719 1488 4782 popae
1514 4709 1543 4776 V,
1569 4725 1611 4762 an
1634 4705 1683 4772 Vl,

523 4799 566 4868 (r)
585 4797 649 4854 Non
661 4797 884 4871 questalacausa
900 4795 1063 4870 delviaggio
1108 4793 1163 4850 vol.
1179 4793 1225 4856 Vl.
1241 4791 1290 4862 316
1305 4811 1321 4848 e
1335 4810 1405 4866 sgg,
1423 4793 1539 4860 Romae,
1558 4809 1592 4848 ea
1607 4803 1685 4864 typo·

489 4879 724 4954 dell'irnperatore
749 4897 766 4936 0
789 4881 882 4936 Patria.
912 4879 1018 4954 Eglivi
1041 4879 1063 4934 si
1109 4877 1225 4952 graphia
1242 4875 1385 4946 Vaticana,
1406 4879 1483 4948 1887.
