3874 5886
494 509 514 576 8
965 527 1208 584 HISTORIA

493 747 623 830 Galliae,
648 770 747 838 penes
765 749 921 838 Bituriges
945 771 1072 818 summa
1099 749 1221 839 imperii
1244 769 1321 818 erat.
1367 749 1400 817 hi
1424 749 1548 820 Celtico
1571 773 1682 842 regem

492 863 628 948 dabant;
654 887 694 931 ex
722 863 837 954 quibus
864 865 997 932 nomine
1021 861 1214 955 Ambigatus
1237 883 1314 934 tunc
1336 887 1392 932 rex
1422 883 1489 934 erat
1512 867 1626 936 virtute
1646 890 1682 935 ac

491 979 618 1048 fortuna
635 997 705 1048 tum
719 1002 776 1048 sua
794 998 864 1048 tum
883 979 1006 1069 publica
1020 979 1228 1070 praepollens.
1274 981 1308 1048 in
1324 981 1414 1050 cuius
1432 981 1567 1070 irnperio
1581 982 1682 1052 Gallia

493 1093 573 1163 adeo
592 1094 722 1184 frugum
745 1113 839 1187 atque
862 1095 1033 1164 hominum
1062 1093 1171 1164 fertilis
1194 1094 1254 1164 fuit
1276 1114 1312 1164 ut
1335 1093 1550 1164 abundantem
1573 1097 1681 1188 populi

492 1208 729 1278 multitudinem
749 1209 834 1278 haud
853 1209 942 1279 facile
961 1209 1136 1300 regendam
1155 1209 1298 1293 credens,
1316 1232 1356 1278 eo
1375 1211 1439 1278 iam
1454 1210 1681 1279 senescentem
1709 1234 1750 1301 45

492 1348 665 1395 exonerare
682 1345 910 1416 praegravante
928 1326 1019 1395 turba
1037 1350 1175 1416 regnum
1191 1325 1302 1395 voluit.
1349 1327 1438 1395 cuius
1457 1327 1502 1394 rei
1517 1349 1610 1396 causa
1622 1328 1681 1394 im-

491 1443 598 1532 pigros
617 1441 748 1510 iuvenes
767 1440 971 1510 Bellovesum
991 1460 1022 1510 et
1040 1443 1243 1532 Segovesum
1262 1442 1380 1510 sotoris
1403 1439 1485 1510 filios
1509 1439 1548 1510 ad
1571 1465 1605 1510 se
1624 1464 1681 1510 vo·

492 1579 566 1624 cans
582 1579 638 1625 eos
654 1580 687 1624 se
704 1559 876 1626 missurum
892 1557 980 1640 dixit,
997 1559 1031 1626 in
1042 1581 1120 1648 quas
1136 1557 1190 1626 Dii
1203 1554 1364 1626 dedissent
1380 1557 1520 1646 auguriis
1535 1555 1626 1626 sedes
1636 1557 1680 1638 (⁵),

491 1689 646 1761 quantum
665 1673 723 1762 ipsi
746 1671 866 1742 vellent
884 1695 1055 1742 numerum
1073 1672 1253 1742 ‘bominum
1280 1673 1432 1755 excirent,
1452 1695 1493 1740 ne
1518 1694 1582 1761 qua
1601 1693 1681 1762 gens

461 1777 462 1780 ¹
492 1809 596 1856 arcere
620 1786 824 1856 advenientes
847 1789 956 1878 possit.
1003 1807 1080 1858 tunc
1094 1787 1261 1878 Segoveso
1274 1787 1412 1856 sortibus
1436 1787 1566 1856 Hernici
1584 1787 1681 1857 saltus
1709 1813 1752 1879 50

492 1901 565 1986 dati,
581 1901 739 1970 Beloveso
754 1923 832 1970 vero
843 1903 988 1972 latiorem
1000 1904 1034 1971 in
1046 1901 1169 1970 Italiam
1185 1901 1340 1972 dederunt
1353 1919 1455 1972 sortes
1471 1903 1566 1971 viam.
1600 1901 1683 1992 hiel

492 2017 579 2110 quod
597 2017 723 2109 populis
741 2018 888 2087 avunculi
914 2020 963 2088 sui
982 2017 1162 2088 abundabat
1180 2016 1311 2112 [regio],
1335 2020 1504 2108 Bituriges,
1522 2019 1680 2100 Arnenos,

491 2135 647 2216 Senones,
669 2131 788 2216 Eduos,
807 2133 973 2216 Ambares,
991 2135 1148 2204 Carnutes
1167 2133 1202 2190 (⁶)
1220 2153 1252 2203 et
1270 2133 1424 2204 Aulercos
1447 2133 1566 2204 eduxit.
1612 2155 1682 2222 pro-

480 2248 590 2318 ‘fectus
609 2249 732 2338 ingenti
761 2247 962 2318 multitudine
990 2247 1134 2338 peditum
1165 2251 1373 2340 equitumque
1391 2251 1425 2318 in
1452 2247 1681 2338 Transalpinos

490 2365 587 2432 venit.
634 2363 731 2454 Alpes
749 2363 823 2432 inde
847 2365 1011 2454 oppositae
1026 2383 1116 2433 erant
1138 2387 1253 2455 easque
1277 2364 1502 2456 insuperabiles
1521 2365 1681 2434 existima·
1708 2390 1749 2456 55

490 2479 577 2562 bant,
590 2480 707 2570 quippe
723 2478 870 2548 nondum
886 2478 948 2548 ulla
964 2480 1038 2548 inde
1052 2481 1104 2547 via
1118 2479 1230 2562 fuerat,
1243 2480 1330 2571 quod
1344 2481 1512 2550 continens
1524 2479 1681 2549 memoria

490 2595 571 2664 loret
583 2595 643 2664 nisi
658 2597 684 2662 si
700 2578 827 2664 credere
843 2595 955 2665 fabulis
974 2596 1059 2678 libet,
1075 2595 1213 2666 Hercule
1227 2615 1389 2686 superatas
1408 2597 1514 2666 lerunt
1525 2597 1570 2664 (ἆ).
1606 2618 1680 2664 curn

488 2711 593 2800 itaque
613 2729 647 2780 ut
665 2729 773 2800 septos
792 2709 926 2780 altitudo
950 2711 1111 2781 montium
1140 2731 1263 2782 teneret
1293 2712 1416 2794 Gallos,
1438 2713 1677 2802 circumspecta·

489 2844 621 2916 tentque
639 2849 782 2917 quonam
801 2849 857 2916 per
880 2827 989 2897 iuncta
1008 2827 1099 2896 coelo
1117 2829 1192 2918 iuga
1211 2828 1244 2896 in
1271 2828 1368 2896 alium
1392 2827 1504 2896 orbern
1527 2847 1680 2896 tetrarum

488 2944 619 3011 transire
639 2941 830 3025 viderentur,
853 2943 972 3012 iurasse
996 2941 1154 3025 dicuntur,
1174 2962 1209 3013 ut
1227 2965 1324 3034 quern
1342 2945 1494 3034 primum,
1513 2945 1546 3012 in
1565 2962 1680 3012 terrant
1707 2951 1751 3016 60

487 3058 633 3148 ingressi,
652 3075 844 3148 occuparent
862 3057 980 3142 locum,
1004 3056 1183 3148 patentibus
1204 3057 1314 3148 sylvis,
1332 3060 1579 3128 communirent.
1624 3081 1681 3148 per

488 3173 650 3242 Taurinos
662 3172 825 3264 Iuliaeque
838 3173 927 3262 Alpis
940 3173 1037 3242 saltus
1048 3172 1271 3243 transcendere
1276 3200 1285 3257 ;
1300 3173 1440 3266 fusisque
1452 3176 1518 3243 acie
1531 3175 1658 3256 Tuscis,
1669 3174 1680 3265 Ι

489 3287 573 3358 baud
589 3287 700 3379 procul
718 3312 736 3357 a
755 3287 887 3356 flumine
907 3287 1037 3372 Ticino,
1049 3311 1136 3372 cum,
1149 3290 1182 3357 in
1198 3311 1263 3378 quo
1282 3289 1493 3358 consederant
1502 3288 1546 3372 (θ,
1566 3311 1679 3379 agrum

488 3403 667 3474 lnsubtiam
685 3403 832 3494 appellari
852 3403 1024 3487 audissent,
1043 3406 1239 3494 cognomine
1258 3402 1444 3474 Insubribus
1467 3426 1552 3494 pago
1575 3401 1680 3472 Eduo

488 3541 571 3602 rum,
589 3518 643 3602 ibi,
656 3541 754 3588 omen
773 3538 941 3609 sequentes
949 3519 1012 3588 loci
1019 3518 1067 3602 (f),
1080 3517 1251 3588 condidere
1264 3518 1376 3588 urbem
1389 3517 1610 3588 MedIolanum
1625 3541 1679 3608 ap-

487 3634 694 3725 petianese).
728 3633 788 3704 alia
801 3633 935 3702 subinde
950 3655 1065 3703 manus
1081 3635 1318 3704 Germanorum
1330 3634 1375 3717 (²),
1391 3633 1526 3702 Titonio
1538 3633 1575 3690 (ί)
1587 3631 1678 3714 duoe,

488 3749 622 3840 vestigia
633 3749 774 3840 prionrm
791 3767 909 3831 secuta,
924 3747 1040 3817 eodem
1055 3749 1146 3834 saltu,
1162 3749 1290 3818 favente
1304 3748 1487 3832 Belloves0,
1506 3771 1580 3816 cum
1595 3765 1679 3816 trau·

541 3928 574 3986 (a)
588 3926 628 3972 Bb
641 3925 716 3974 ridens
729 3939 757 3972 eo
770 3925 815 3972 iarn
829 3933 958 3972 momente
1021 3928 1051 3982 (b)
1066 3929 1105 3971 a·
1118 3923 1557 3986 inquaadcdlsaentDiiAugurmedes
1620 3923 1680 3980 (ωδ

488 4005 599 4060 Curnites,
611 4007 648 4065 cs.
665 4007 785 4053 Varlanlea
798 4007 907 4053 lectiam
920 4011 944 4052 el
956 4007 1030 4066 suppl.
1044 4007 1077 4052 ad
1088 4007 1143 4054 lter.
1158 4005 1177 4053 l.
1191 4007 1220 4052 de
1234 4005 1316 4060 nem,
1330 4005 1372 4062 lx,
1387 4016 1461 4062 1²95·
1520 4003 1552 4060 (d)
1567 4003 1607 4048 Bb
1622 4003 1681 4048 lier-

487 4087 538 4132 cule
551 4085 596 4131 iarn
609 4094 725 4145 superatae
739 4083 810 4132 inisse
823 4085 955 4132 dicebantur
1009 4088 1040 4144 (ε)
1054 4088 1105 4144 Aa,
1120 4087 1159 4132 nt
1172 4085 1351 4132 conmenderatrt
1415 4085 1440 4142 (ll
1456 4086 1497 4131 Bb
1510 4083 1540 4130 lbi
1555 4095 1633 4130 murtea
1646 4095 1680 4128 ae·

488 4165 638 4226 quentesloci
693 4165 920 4223 (arcesilam.

524 4317 567 4388 (1)
586 4315 629 4372 ct
655 4315 690 4370 T.
716 4315 811 4386 Ltvto,
835 4315 871 4382 V,
894 4329 993 4372 xxxiv.
1038 4314 1061 4369 Il
1107 4313 1158 4369 che
1177 4329 1244 4370 avea
1262 4313 1426 4370 sott’occhio
1450 4312 1470 4367 il
1495 4313 1528 4368 C.
1546 4329 1562 4368 e
1580 4309 1680 4384 cb’egli

489 4401 607 4476 capitolo
617 4405 632 4456 e
642 4399 718 4473 quasi
728 4401 838 4456 inserita
847 4399 893 4456 nel
905 4411 976 4456 testo
989 4399 1061 4455 della
1106 4395 1235 4452 siruttava
1250 4399 1307 4452 coel
1321 4395 1513 4469 amplameute.
1551 4391 1680 4448 Turtaria

490 4485 615 4542 Cronucu.
1106 4480 1178 4536 dalla
1197 4481 1319 4536 edizione
1338 4479 1366 4534 di
1385 4478 1491 4536 basilea
1514 4477 1543 4533 in
1561 4477 1616 4551 poi,
1635 4475 1680 4532 del

524 4572 566 4642 (a)
584 4569 723 4626 Continua
747 4569 767 4624 il
784 4581 855 4626 testo
874 4569 901 4624 di
919 4567 998 4624 Livio
1016 4567 1061 4622 del
1110 4583 1184 4638 1535,
1195 4569 1352 4622 eaccettata
1364 4562 1590 4620 lasostituzIone:
1605 4561 1681 4616 Cena·

490 4671 548 4727 cap.
562 4669 661 4720 xxxiv,
676 4654 721 4710 lib.
734 4653 769 4708 V.
804 4653 990 4710 Germaniarum
1007 4651 1062 4724 leg·
1106 4667 1247 4706 martorum.
1285 4649 1370 4704 Cs.su
1383 4652 1519 4720 Κινομάνοι
1533 4643 1680 4712 Potinil,

490 4739 547 4812 gesi
557 4739 583 4792 in
593 4739 671 4812 quasi
680 4739 741 4794 tutti
751 4740 758 4794 i
768 4738 848 4794 codd.
855 4737 993 4802 Liuianis
1003 4753 1062 4810 pro
1111 4733 1342 4807 17;Pns10,111‚
1358 4751 1398 4806 19.

488 4821 653 4880 babilmenre
667 4821 806 4896 leggevasi
820 4822 908 4878 anche
925 4821 954 4877 in
969 4819 1062 4894 quello
