<?xml version="1.0" encoding="UTF-8"?>
<!DOCTYPE html PUBLIC "-//W3C//DTD XHTML 1.0 Transitional//EN"
    "http://www.w3.org/TR/xhtml1/DTD/xhtml1-transitional.dtd">
<html xmlns="http://www.w3.org/1999/xhtml" xml:lang="en" lang="en">
 <head>
  <title>
</title>
<meta http-equiv="Content-Type" content="text/html;charset=utf-8" />
  <meta name='ocr-system' content='tesseract 3.04.00' />
  <meta name='ocr-capabilities' content='ocr_page ocr_carea ocr_par ocr_line ocrx_word'/>
</head>
<body>
  <div class='ocr_page' id='page_1' title='image "./historiaiohanni01farrgoog_0077.png"; bbox 0 0 3874 5886; ppageno 0'>
   <div class='ocr_carea' id='block_1_1' title="bbox 600 555 1423 628">
    <p class='ocr_par' dir='ltr' id='par_1_1' title="bbox 600 555 1423 628">
     <span class='ocr_line' id='line_1_1' title="bbox 600 555 1423 628; baseline -0.002 -16"><span class='ocrx_word' id='word_1_1' title='bbox 600 557 626 612; x_wconf 89' lang='lat'>1.</span> <span class='ocrx_word' id='word_1_2' title='bbox 656 555 714 612; x_wconf 85' lang='lat' dir='ltr'>DE</span> <span class='ocrx_word' id='word_1_3' title='bbox 743 557 1060 614; x_wconf 82' lang='lat' dir='ltr'>CERMENATE.</span> <span class='ocrx_word' id='word_1_4' title='bbox 1386 563 1423 628; x_wconf 89' lang='lat'>17</span> 
     </span>
    </p>
   </div>
   <div class='ocr_carea' id='block_1_2' title="bbox 162 775 1573 3873">
    <p class='ocr_par' dir='ltr' id='par_1_2' title="bbox 162 775 1571 2838">
     <span class='ocr_line' id='line_1_2' title="bbox 233 775 1424 870; baseline 0.006 -27"><span class='ocrx_word' id='word_1_5' title='bbox 233 777 339 844; x_wconf 88' lang='lat' dir='ltr'>bestiis</span> <span class='ocrx_word' id='word_1_6' title='bbox 357 775 463 860; x_wconf 86' lang='lat' dir='ltr'>leone,</span> <span class='ocrx_word' id='word_1_7' title='bbox 483 777 515 844; x_wconf 92' lang='lat' dir='ltr'>in</span> <span class='ocrx_word' id='word_1_8' title='bbox 536 775 645 846; x_wconf 87' lang='lat' dir='ltr'>avibus</span> <span class='ocrx_word' id='word_1_9' title='bbox 670 777 772 868; x_wconf 85' lang='lat' dir='ltr'>aquila</span> <span class='ocrx_word' id='word_1_10' title='bbox 795 777 957 847; x_wconf 87' lang='lat' dir='ltr'>nobilior?</span> <span class='ocrx_word' id='word_1_11' title='bbox 1004 803 1068 860; x_wconf 90' lang='lat' dir='ltr'>cur,</span> <span class='ocrx_word' id='word_1_12' title='bbox 1088 781 1169 848; x_wconf 90' lang='lat' dir='ltr'>inter</span> <span class='ocrx_word' id='word_1_13' title='bbox 1192 777 1351 864; x_wconf 88' lang='lat' dir='ltr'>homines,</span> <span class='ocrx_word' id='word_1_14' title='bbox 1370 782 1424 870; x_wconf 91' lang='lat' dir='ltr'>qui</span> 
     </span>
     <span class='ocr_line' id='line_1_3' title="bbox 162 891 1424 986; baseline 0.002 -24"><span class='ocrx_word' id='word_1_15' title='bbox 162 915 180 962; x_wconf 88' lang='lat'><strong>2</strong></span> <span class='ocrx_word' id='word_1_16' title='bbox 185 917 201 981; x_wconf 85' lang='lat'><em>5</em></span> <span class='ocrx_word' id='word_1_17' title='bbox 231 915 305 982; x_wconf 87' lang='lat' dir='ltr'>prae</span> <span class='ocrx_word' id='word_1_18' title='bbox 322 893 451 962; x_wconf 85' lang='lat' dir='ltr'>caeteris</span> <span class='ocrx_word' id='word_1_19' title='bbox 463 915 533 962; x_wconf 90' lang='lat' dir='ltr'>esse</span> <span class='ocrx_word' id='word_1_20' title='bbox 546 891 701 962; x_wconf 76' lang='lat' dir='ltr'>desiderat</span> <span class='ocrx_word' id='word_1_21' title='bbox 712 894 746 948; x_wconf 83' lang='lat'>(¹)</span> <span class='ocrx_word' id='word_1_22' title='bbox 765 911 800 962; x_wconf 93' lang='lat' dir='ltr'>ut</span> <span class='ocrx_word' id='word_1_23' title='bbox 819 895 1023 963; x_wconf 85' lang='lat' dir='ltr'>veneratione</span> <span class='ocrx_word' id='word_1_24' title='bbox 1042 893 1159 985; x_wconf 85' lang='lat' dir='ltr'>dignus</span> <span class='ocrx_word' id='word_1_25' title='bbox 1175 897 1224 976; x_wconf 89' lang='lat' dir='ltr'>sit,</span> <span class='ocrx_word' id='word_1_26' title='bbox 1237 895 1347 986; x_wconf 89' lang='lat' dir='ltr'>(cum)</span> <span class='ocrx_word' id='word_1_27' title='bbox 1363 898 1424 964; x_wconf 87' lang='lat' dir='ltr'>vir·</span> 
     </span>
     <span class='ocr_line' id='line_1_4' title="bbox 232 1009 1422 1103; baseline 0.003 -26"><span class='ocrx_word' id='word_1_28' title='bbox 232 1027 298 1077; x_wconf 89' lang='lat' dir='ltr'>mte</span> <span class='ocrx_word' id='word_1_29' title='bbox 311 1029 452 1078; x_wconf 87' lang='lat' dir='ltr'>caeteros</span> <span class='ocrx_word' id='word_1_30' title='bbox 464 1031 530 1078; x_wconf 90' lang='lat' dir='ltr'>non</span> <span class='ocrx_word' id='word_1_31' title='bbox 543 1009 667 1078; x_wconf 84' lang='lat' dir='ltr'>excellit</span> <span class='ocrx_word' id='word_1_32' title='bbox 681 1009 694 1076; x_wconf 76' lang='lat' dir='ltr'>l</span> <span class='ocrx_word' id='word_1_33' title='bbox 740 1011 829 1078; x_wconf 89' lang='lat' dir='ltr'>omni</span> <span class='ocrx_word' id='word_1_34' title='bbox 842 1011 877 1066; x_wconf 76' lang='lat' dir='ltr'>(u)</span> <span class='ocrx_word' id='word_1_35' title='bbox 888 1034 997 1078; x_wconf 89' lang='lat' dir='ltr'>carens</span> <span class='ocrx_word' id='word_1_36' title='bbox 1011 1011 1183 1100; x_wconf 88' lang='lat' dir='ltr'>iniquitatis</span> <span class='ocrx_word' id='word_1_37' title='bbox 1202 1011 1325 1094; x_wconf 86' lang='lat' dir='ltr'>aculeo,</span> <span class='ocrx_word' id='word_1_38' title='bbox 1338 1013 1422 1103; x_wconf 90' lang='lat' dir='ltr'>prin·</span> 
     </span>
     <span class='ocr_line' id='line_1_5' title="bbox 233 1124 1421 1216; baseline 0 -22"><span class='ocrx_word' id='word_1_39' title='bbox 233 1125 309 1214; x_wconf 84' lang='lat' dir='ltr'>cipis</span> <span class='ocrx_word' id='word_1_40' title='bbox 324 1125 432 1214; x_wconf 90' lang='lat' dir='ltr'>apium</span> <span class='ocrx_word' id='word_1_41' title='bbox 447 1124 606 1214; x_wconf 86' lang='lat' dir='ltr'>exemplo,</span> <span class='ocrx_word' id='word_1_42' title='bbox 622 1125 676 1214; x_wconf 92' lang='lat' dir='ltr'>qui</span> <span class='ocrx_word' id='word_1_43' title='bbox 691 1127 856 1194; x_wconf 90' lang='lat' dir='ltr'>neminem</span> <span class='ocrx_word' id='word_1_44' title='bbox 872 1127 968 1194; x_wconf 91' lang='lat' dir='ltr'>iratus</span> <span class='ocrx_word' id='word_1_45' title='bbox 984 1126 1087 1194; x_wconf 90' lang='lat' dir='ltr'>laedit.</span> <span class='ocrx_word' id='word_1_46' title='bbox 1129 1127 1272 1216; x_wconf 87' lang='lat' dir='ltr'>procedit</span> <span class='ocrx_word' id='word_1_47' title='bbox 1288 1129 1387 1196; x_wconf 89' lang='lat' dir='ltr'>etiam</span> <span class='ocrx_word' id='word_1_48' title='bbox 1405 1153 1421 1194; x_wconf 89' lang='lat' dir='ltr'>a</span> 
     </span>
     <span class='ocr_line' id='line_1_6' title="bbox 232 1239 1422 1332; baseline -0.002 -22"><span class='ocrx_word' id='word_1_49' title='bbox 232 1239 375 1324; x_wconf 90' lang='lat' dir='ltr'>subditis,</span> <span class='ocrx_word' id='word_1_50' title='bbox 398 1263 479 1332; x_wconf 91' lang='lat' dir='ltr'>quos</span> <span class='ocrx_word' id='word_1_51' title='bbox 503 1262 631 1308; x_wconf 91' lang='lat' dir='ltr'>morum</span> <span class='ocrx_word' id='word_1_52' title='bbox 656 1241 811 1308; x_wconf 82' lang='lat' dir='ltr'>discordia</span> <span class='ocrx_word' id='word_1_53' title='bbox 843 1241 980 1310; x_wconf 89' lang='lat' dir='ltr'>nimium</span> <span class='ocrx_word' id='word_1_54' title='bbox 1004 1243 1118 1324; x_wconf 87' lang='lat' dir='ltr'>turbat,</span> <span class='ocrx_word' id='word_1_55' title='bbox 1142 1242 1311 1332; x_wconf 87' lang='lat' dir='ltr'>aliquando</span> <span class='ocrx_word' id='word_1_56' title='bbox 1331 1265 1422 1312; x_wconf 85' lang='lat' dir='ltr'>causa</span> 
     </span>
     <span class='ocr_line' id='line_1_7' title="bbox 231 1354 1422 1446; baseline 0.002 -22"><span class='ocrx_word' id='word_1_57' title='bbox 231 1357 414 1440; x_wconf 81' lang='lat' dir='ltr'>mali3nam</span> <span class='ocrx_word' id='word_1_58' title='bbox 431 1354 517 1424; x_wconf 90' lang='lat' dir='ltr'>nulla</span> <span class='ocrx_word' id='word_1_59' title='bbox 533 1377 594 1446; x_wconf 84' lang='lat' dir='ltr'>pax</span> <span class='ocrx_word' id='word_1_60' title='bbox 609 1355 667 1424; x_wconf 93' lang='lat' dir='ltr'>erit</span> <span class='ocrx_word' id='word_1_61' title='bbox 682 1355 714 1422; x_wconf 91' lang='lat' dir='ltr'>in</span> <span class='ocrx_word' id='word_1_62' title='bbox 730 1355 863 1444; x_wconf 90' lang='lat' dir='ltr'>populo,</span> <span class='ocrx_word' id='word_1_63' title='bbox 883 1379 979 1446; x_wconf 87' lang='lat' dir='ltr'>quem</span> <span class='ocrx_word' id='word_1_64' title='bbox 995 1355 1196 1426; x_wconf 78' lang='lat' dir='ltr'>uniformitas</span> <span class='ocrx_word' id='word_1_65' title='bbox 1216 1359 1422 1427; x_wconf 83' lang='lat' dir='ltr'>voluntatum</span> 
     </span>
     <span class='ocr_line' id='line_1_8' title="bbox 163 1470 1422 1562; baseline -0.001 -22"><span class='ocrx_word' id='word_1_66' title='bbox 163 1493 204 1560; x_wconf 85' lang='lat'>3⁰</span> <span class='ocrx_word' id='word_1_67' title='bbox 232 1471 362 1541; x_wconf 90' lang='lat' dir='ltr'>vinculo</span> <span class='ocrx_word' id='word_1_68' title='bbox 376 1471 512 1540; x_wconf 88' lang='lat' dir='ltr'>iustitiae</span> <span class='ocrx_word' id='word_1_69' title='bbox 532 1470 680 1562; x_wconf 86' lang='lat' dir='ltr'>colligata</span> <span class='ocrx_word' id='word_1_70' title='bbox 699 1493 765 1540; x_wconf 93' lang='lat' dir='ltr'>non</span> <span class='ocrx_word' id='word_1_71' title='bbox 781 1472 896 1540; x_wconf 87' lang='lat' dir='ltr'>excitat</span> <span class='ocrx_word' id='word_1_72' title='bbox 912 1471 952 1540; x_wconf 88' lang='lat' dir='ltr'>ad</span> <span class='ocrx_word' id='word_1_73' title='bbox 970 1473 1111 1542; x_wconf 90' lang='lat' dir='ltr'>studium</span> <span class='ocrx_word' id='word_1_74' title='bbox 1132 1475 1314 1542; x_wconf 89' lang='lat' dir='ltr'>communis</span> <span class='ocrx_word' id='word_1_75' title='bbox 1335 1475 1422 1555; x_wconf 90' lang='lat' dir='ltr'>boni,</span> 
     </span>
     <span class='ocr_line' id='line_1_9' title="bbox 231 1585 1421 1680; baseline -0.003 -23"><span class='ocrx_word' id='word_1_76' title='bbox 231 1611 312 1679; x_wconf 91' lang='lat' dir='ltr'>quae</span> <span class='ocrx_word' id='word_1_77' title='bbox 328 1587 395 1656; x_wconf 88' lang='lat' dir='ltr'>sola</span> <span class='ocrx_word' id='word_1_78' title='bbox 409 1589 595 1678; x_wconf 83' lang='lat' dir='ltr'>exprimitur</span> <span class='ocrx_word' id='word_1_79' title='bbox 612 1585 762 1656; x_wconf 86' lang='lat' dir='ltr'>uniformi</span> <span class='ocrx_word' id='word_1_80' title='bbox 783 1605 885 1668; x_wconf 91' lang='lat' dir='ltr'>motu,</span> <span class='ocrx_word' id='word_1_81' title='bbox 902 1607 932 1656; x_wconf 91' lang='lat' dir='ltr'>et</span> <span class='ocrx_word' id='word_1_82' title='bbox 947 1587 1105 1678; x_wconf 86' lang='lat' dir='ltr'>dependet</span> <span class='ocrx_word' id='word_1_83' title='bbox 1121 1589 1159 1656; x_wconf 88' lang='lat' dir='ltr'>ab</span> <span class='ocrx_word' id='word_1_84' title='bbox 1179 1591 1300 1658; x_wconf 87' lang='lat' dir='ltr'>unitate</span> <span class='ocrx_word' id='word_1_85' title='bbox 1312 1589 1421 1680; x_wconf 89' lang='lat' dir='ltr'>populi</span> 
     </span>
     <span class='ocr_line' id='line_1_10' title="bbox 233 1702 1421 1792; baseline 0.001 -20"><span class='ocrx_word' id='word_1_86' title='bbox 233 1703 445 1772; x_wconf 83' lang='lat' dir='ltr'>voluntatum.</span> <span class='ocrx_word' id='word_1_87' title='bbox 493 1702 571 1771; x_wconf 90' lang='lat' dir='ltr'>haec</span> <span class='ocrx_word' id='word_1_88' title='bbox 591 1725 667 1771; x_wconf 86' lang='lat' dir='ltr'>vero</span> <span class='ocrx_word' id='word_1_89' title='bbox 679 1703 783 1772; x_wconf 89' lang='lat' dir='ltr'>unitas</span> <span class='ocrx_word' id='word_1_90' title='bbox 797 1703 928 1770; x_wconf 87' lang='lat' dir='ltr'>humani</span> <span class='ocrx_word' id='word_1_91' title='bbox 948 1705 1072 1792; x_wconf 88' lang='lat' dir='ltr'>generis</span> <span class='ocrx_word' id='word_1_92' title='bbox 1087 1703 1169 1772; x_wconf 82' lang='lat' dir='ltr'>bene</span> <span class='ocrx_word' id='word_1_93' title='bbox 1184 1703 1336 1792; x_wconf 88' lang='lat' dir='ltr'>disposita</span> <span class='ocrx_word' id='word_1_94' title='bbox 1355 1727 1421 1773; x_wconf 92' lang='lat' dir='ltr'>non</span> 
     </span>
     <span class='ocr_line' id='line_1_11' title="bbox 233 1809 1421 1909; baseline 0.002 -23"><span class='ocrx_word' id='word_1_95' title='bbox 233 1819 291 1886; x_wconf 84' lang='lat' dir='ltr'>nisi</span> <span class='ocrx_word' id='word_1_96' title='bbox 315 1843 370 1908; x_wconf 93' lang='lat' dir='ltr'>per</span> <span class='ocrx_word' id='word_1_97' title='bbox 393 1821 513 1888; x_wconf 88' lang='lat' dir='ltr'>lustum</span> <span class='ocrx_word' id='word_1_98' title='bbox 535 1820 712 1909; x_wconf 85' lang='lat' dir='ltr'>principem</span> <span class='ocrx_word' id='word_1_99' title='bbox 735 1837 766 1887; x_wconf 91' lang='lat' dir='ltr'>et</span> <span class='ocrx_word' id='word_1_100' title='bbox 790 1809 997 1887; x_wconf 82' lang='lat' dir='ltr'>monarcham</span> <span class='ocrx_word' id='word_1_101' title='bbox 1030 1817 1160 1887; x_wconf 79' lang='lat' dir='ltr'>feliciter</span> <span class='ocrx_word' id='word_1_102' title='bbox 1182 1817 1366 1908; x_wconf 88' lang='lat' dir='ltr'>perducitur</span> <span class='ocrx_word' id='word_1_103' title='bbox 1389 1821 1421 1888; x_wconf 92' lang='lat' dir='ltr'>in</span> 
     </span>
     <span class='ocr_line' id='line_1_12' title="bbox 232 1931 1422 2025; baseline 0 -23"><span class='ocrx_word' id='word_1_104' title='bbox 232 1933 392 2016; x_wconf 83' lang='lat' dir='ltr'>effectum,</span> <span class='ocrx_word' id='word_1_105' title='bbox 406 1937 459 2025; x_wconf 94' lang='lat' dir='ltr'>qui</span> <span class='ocrx_word' id='word_1_106' title='bbox 473 1935 538 2002; x_wconf 89' lang='lat' dir='ltr'>suis</span> <span class='ocrx_word' id='word_1_107' title='bbox 550 1935 644 2001; x_wconf 91' lang='lat' dir='ltr'>sacris</span> <span class='ocrx_word' id='word_1_108' title='bbox 659 1933 782 2022; x_wconf 88' lang='lat' dir='ltr'>legibus</span> <span class='ocrx_word' id='word_1_109' title='bbox 797 1932 942 2003; x_wconf 89' lang='lat' dir='ltr'>subditos</span> <span class='ocrx_word' id='word_1_110' title='bbox 965 1931 1090 2002; x_wconf 90' lang='lat' dir='ltr'>ordinet</span> <span class='ocrx_word' id='word_1_111' title='bbox 1109 1953 1139 2000; x_wconf 92' lang='lat' dir='ltr'>et</span> <span class='ocrx_word' id='word_1_112' title='bbox 1159 1933 1316 2022; x_wconf 88' lang='lat' dir='ltr'>disponat,</span> <span class='ocrx_word' id='word_1_113' title='bbox 1341 1957 1422 2024; x_wconf 88' lang='lat' dir='ltr'>quae</span> 
     </span>
     <span class='ocr_line' id='line_1_13' title="bbox 164 2047 1571 2141; baseline -0.005 -25"><span class='ocrx_word' id='word_1_114' title='bbox 164 2071 201 2136; x_wconf 84' lang='lat'>35</span> <span class='ocrx_word' id='word_1_115' title='bbox 232 2051 258 2116; x_wconf 91' lang='lat' dir='ltr'>si</span> <span class='ocrx_word' id='word_1_116' title='bbox 276 2068 442 2118; x_wconf 88' lang='lat' dir='ltr'>serventur</span> <span class='ocrx_word' id='word_1_117' title='bbox 460 2047 499 2116; x_wconf 87' lang='lat' dir='ltr'>ad</span> <span class='ocrx_word' id='word_1_118' title='bbox 519 2069 674 2138; x_wconf 88' lang='lat' dir='ltr'>unguem,</span> <span class='ocrx_word' id='word_1_119' title='bbox 694 2067 768 2116; x_wconf 93' lang='lat' dir='ltr'>sunt</span> <span class='ocrx_word' id='word_1_120' title='bbox 787 2049 914 2116; x_wconf 89' lang='lat' dir='ltr'>vincula</span> <span class='ocrx_word' id='word_1_121' title='bbox 937 2048 1094 2116; x_wconf 90' lang='lat' dir='ltr'>societatis</span> <span class='ocrx_word' id='word_1_122' title='bbox 1118 2047 1286 2116; x_wconf 86' lang='lat' dir='ltr'>humanae.</span> <span class='ocrx_word' id='word_1_123' title='bbox 1311 2051 1320 2138; x_wconf 82' lang='lat' dir='ltr'>l</span> <span class='ocrx_word' id='word_1_124' title='bbox 1353 2053 1423 2141; x_wconf 89' lang='lat' dir='ltr'>quis</span> <span class='ocrx_word' id='word_1_125' title='bbox 1487 2079 1506 2110; x_wconf 79' lang='lat' dir='ltr'>c.</span> <span class='ocrx_word' id='word_1_126' title='bbox 1521 2071 1571 2126; x_wconf 67' lang='lat' dir='ltr'>s3r</span> 
     </span>
     <span class='ocr_line' id='line_1_14' title="bbox 233 2164 1422 2255; baseline 0 -23"><span class='ocrx_word' id='word_1_127' title='bbox 233 2167 339 2255; x_wconf 89' lang='lat' dir='ltr'>itaque</span> <span class='ocrx_word' id='word_1_128' title='bbox 349 2167 504 2255; x_wconf 84' lang='lat' dir='ltr'>princeps,</span> <span class='ocrx_word' id='word_1_129' title='bbox 524 2165 639 2255; x_wconf 90' lang='lat' dir='ltr'>quovis</span> <span class='ocrx_word' id='word_1_130' title='bbox 655 2165 787 2232; x_wconf 90' lang='lat' dir='ltr'>nomine</span> <span class='ocrx_word' id='word_1_131' title='bbox 801 2185 975 2246; x_wconf 88' lang='lat' dir='ltr'>censeatur,</span> <span class='ocrx_word' id='word_1_132' title='bbox 992 2182 1045 2232; x_wconf 91' lang='lat' dir='ltr'>aut</span> <span class='ocrx_word' id='word_1_133' title='bbox 1059 2165 1205 2253; x_wconf 88' lang='lat' dir='ltr'>quamvis</span> <span class='ocrx_word' id='word_1_134' title='bbox 1225 2164 1335 2232; x_wconf 88' lang='lat' dir='ltr'>mundi</span> <span class='ocrx_word' id='word_1_135' title='bbox 1352 2188 1422 2254; x_wconf 93' lang='lat' dir='ltr'>par-</span> 
     </span>
     <span class='ocr_line' id='line_1_15' title="bbox 232 2278 1423 2368; baseline -0.003 -17"><span class='ocrx_word' id='word_1_136' title='bbox 232 2302 298 2351; x_wconf 86' lang='lat' dir='ltr'>tem</span> <span class='ocrx_word' id='word_1_137' title='bbox 318 2280 483 2364; x_wconf 86' lang='lat' dir='ltr'>inhabitet,</span> <span class='ocrx_word' id='word_1_138' title='bbox 502 2282 527 2348; x_wconf 91' lang='lat' dir='ltr'>si</span> <span class='ocrx_word' id='word_1_139' title='bbox 547 2305 580 2348; x_wconf 91' lang='lat' dir='ltr'>se</span> <span class='ocrx_word' id='word_1_140' title='bbox 601 2279 767 2347; x_wconf 90' lang='lat' dir='ltr'>hominem</span> <span class='ocrx_word' id='word_1_141' title='bbox 789 2279 907 2346; x_wconf 87' lang='lat' dir='ltr'>animal</span> <span class='ocrx_word' id='word_1_142' title='bbox 926 2278 1078 2348; x_wconf 89' lang='lat' dir='ltr'>rationale</span> <span class='ocrx_word' id='word_1_143' title='bbox 1098 2279 1222 2362; x_wconf 88' lang='lat' dir='ltr'>fatetur,</span> <span class='ocrx_word' id='word_1_144' title='bbox 1242 2279 1371 2368; x_wconf 86' lang='lat' dir='ltr'>negabit</span> <span class='ocrx_word' id='word_1_145' title='bbox 1389 2305 1423 2348; x_wconf 91' lang='lat' dir='ltr'>se</span> 
     </span>
     <span class='ocr_line' id='line_1_16' title="bbox 232 2393 1422 2487; baseline -0.002 -23"><span class='ocrx_word' id='word_1_146' title='bbox 232 2399 316 2466; x_wconf 91' lang='lat' dir='ltr'>iusto</span> <span class='ocrx_word' id='word_1_147' title='bbox 341 2397 474 2487; x_wconf 91' lang='lat' dir='ltr'>imperio</span> <span class='ocrx_word' id='word_1_148' title='bbox 498 2397 720 2466; x_wconf 89' lang='lat' dir='ltr'>Romanorum</span> <span class='ocrx_word' id='word_1_149' title='bbox 738 2395 771 2450; x_wconf 75' lang='lat'>(⁶)</span> <span class='ocrx_word' id='word_1_150' title='bbox 789 2394 1015 2463; x_wconf 88' lang='lat' dir='ltr'>rationabiliter</span> <span class='ocrx_word' id='word_1_151' title='bbox 1038 2395 1106 2464; x_wconf 89' lang='lat' dir='ltr'>fore</span> <span class='ocrx_word' id='word_1_152' title='bbox 1129 2393 1294 2463; x_wconf 91' lang='lat' dir='ltr'>subditum</span> <span class='ocrx_word' id='word_1_153' title='bbox 1317 2412 1348 2464; x_wconf 90' lang='lat' dir='ltr'>et</span> <span class='ocrx_word' id='word_1_154' title='bbox 1371 2419 1422 2462; x_wconf 91' lang='lat' dir='ltr'>su-</span> 
     </span>
     <span class='ocr_line' id='line_1_17' title="bbox 234 2509 1424 2602; baseline -0.005 -20"><span class='ocrx_word' id='word_1_155' title='bbox 234 2511 446 2583; x_wconf 77' lang='lat' dir='ltr'>biectumil¹l</span> <span class='ocrx_word' id='word_1_156' title='bbox 487 2533 625 2602; x_wconf 91' lang='lat' dir='ltr'>quorum</span> <span class='ocrx_word' id='word_1_157' title='bbox 649 2511 674 2577; x_wconf 93' lang='lat' dir='ltr'>si</span> <span class='ocrx_word' id='word_1_158' title='bbox 694 2530 783 2600; x_wconf 86' lang='lat' dir='ltr'>gesta</span> <span class='ocrx_word' id='word_1_159' title='bbox 801 2509 935 2578; x_wconf 79' lang='lat' dir='ltr'>revolvo</span> <span class='ocrx_word' id='word_1_160' title='bbox 955 2509 1051 2578; x_wconf 89' lang='lat' dir='ltr'>totius</span> <span class='ocrx_word' id='word_1_161' title='bbox 1076 2509 1187 2580; x_wconf 90' lang='lat' dir='ltr'>muudi</span> <span class='ocrx_word' id='word_1_162' title='bbox 1199 2510 1424 2600; x_wconf 89' lang='lat' dir='ltr'>principatum,</span> 
     </span>
     <span class='ocr_line' id='line_1_18' title="bbox 162 2625 1424 2721; baseline 0.002 -29"><span class='ocrx_word' id='word_1_163' title='bbox 162 2647 205 2710; x_wconf 77' lang='lat'>40</span> <span class='ocrx_word' id='word_1_164' title='bbox 233 2629 320 2721; x_wconf 93' lang='lat' dir='ltr'>quod</span> <span class='ocrx_word' id='word_1_165' title='bbox 336 2629 504 2720; x_wconf 89' lang='lat' dir='ltr'>imperium</span> <span class='ocrx_word' id='word_1_166' title='bbox 524 2625 730 2716; x_wconf 87' lang='lat' dir='ltr'>appellamus,</span> <span class='ocrx_word' id='word_1_167' title='bbox 748 2625 846 2715; x_wconf 92' lang='lat' dir='ltr'>liquet</span> <span class='ocrx_word' id='word_1_168' title='bbox 865 2625 923 2693; x_wconf 89' lang='lat' dir='ltr'>sibi</span> <span class='ocrx_word' id='word_1_169' title='bbox 940 2625 1071 2694; x_wconf 87' lang='lat' dir='ltr'>coelitus</span> <span class='ocrx_word' id='word_1_170' title='bbox 1091 2625 1158 2694; x_wconf 87' lang='lat' dir='ltr'>fore</span> <span class='ocrx_word' id='word_1_171' title='bbox 1177 2648 1377 2707; x_wconf 81' lang='lat' dir='ltr'>concessum,</span> <span class='ocrx_word' id='word_1_172' title='bbox 1393 2647 1424 2694; x_wconf 90' lang='lat' dir='ltr'>et</span> 
     </span>
     <span class='ocr_line' id='line_1_19' title="bbox 233 2742 962 2838; baseline -0.008 -22"><span class='ocrx_word' id='word_1_173' title='bbox 233 2745 420 2838; x_wconf 89' lang='lat' dir='ltr'>perductum</span> <span class='ocrx_word' id='word_1_174' title='bbox 432 2745 467 2800; x_wconf 48' lang='grc' dir='ltr'>(ἃ)</span> <span class='ocrx_word' id='word_1_175' title='bbox 487 2761 597 2834; x_wconf 90' lang='lat' dir='ltr'>utpote</span> <span class='ocrx_word' id='word_1_176' title='bbox 617 2745 700 2812; x_wconf 91' lang='lat' dir='ltr'>iusto</span> <span class='ocrx_word' id='word_1_177' title='bbox 719 2742 804 2811; x_wconf 90' lang='lat' dir='ltr'>bello</span> <span class='ocrx_word' id='word_1_178' title='bbox 822 2761 962 2832; x_wconf 88' lang='lat' dir='ltr'>pactum.</span> 
     </span>
    </p>

    <p class='ocr_par' dir='ltr' id='par_1_3' title="bbox 231 2857 1424 3296">
     <span class='ocr_line' id='line_1_20' title="bbox 299 2857 1423 2948; baseline -0.001 -22"><span class='ocrx_word' id='word_1_179' title='bbox 299 2860 374 2929; x_wconf 92' lang='lat' dir='ltr'><strong>VII.</strong></span> <span class='ocrx_word' id='word_1_180' title='bbox 422 2859 495 2928; x_wconf 92' lang='lat' dir='ltr'>Hoc</span> <span class='ocrx_word' id='word_1_181' title='bbox 514 2877 620 2928; x_wconf 84' lang='lat' dir='ltr'>autem</span> <span class='ocrx_word' id='word_1_182' title='bbox 639 2857 815 2948; x_wconf 89' lang='lat' dir='ltr'>imperandi</span> <span class='ocrx_word' id='word_1_183' title='bbox 841 2857 964 2926; x_wconf 91' lang='lat' dir='ltr'>mundo</span> <span class='ocrx_word' id='word_1_184' title='bbox 984 2859 1031 2926; x_wconf 91' lang='lat' dir='ltr'>ius</span> <span class='ocrx_word' id='word_1_185' title='bbox 1050 2857 1185 2948; x_wconf 92' lang='lat' dir='ltr'>populus</span> <span class='ocrx_word' id='word_1_186' title='bbox 1210 2859 1387 2940; x_wconf 87' lang='lat' dir='ltr'>Romanus,</span> <span class='ocrx_word' id='word_1_187' title='bbox 1408 2883 1423 2924; x_wconf 85' lang='lat' dir='ltr'>a</span> 
     </span>
     <span class='ocr_line' id='line_1_21' title="bbox 231 2971 1423 3068; baseline -0.004 -23"><span class='ocrx_word' id='word_1_188' title='bbox 231 2998 297 3068; x_wconf 88' lang='lat' dir='ltr'>quo</span> <span class='ocrx_word' id='word_1_189' title='bbox 316 2995 441 3066; x_wconf 89' lang='lat' dir='ltr'>partum</span> <span class='ocrx_word' id='word_1_190' title='bbox 460 2971 561 3042; x_wconf 92' lang='lat' dir='ltr'>fuerat</span> <span class='ocrx_word' id='word_1_191' title='bbox 580 2973 698 3042; x_wconf 92' lang='lat' dir='ltr'>diutius</span> <span class='ocrx_word' id='word_1_192' title='bbox 718 2991 750 3042; x_wconf 91' lang='lat' dir='ltr'>et</span> <span class='ocrx_word' id='word_1_193' title='bbox 768 2995 962 3062; x_wconf 86' lang='lat' dir='ltr'>possessum,</span> <span class='ocrx_word' id='word_1_194' title='bbox 985 2973 1063 3040; x_wconf 90' lang='lat' dir='ltr'>olim</span> <span class='ocrx_word' id='word_1_195' title='bbox 1082 2975 1113 3041; x_wconf 92' lang='lat' dir='ltr'>in</span> <span class='ocrx_word' id='word_1_196' title='bbox 1135 2997 1235 3042; x_wconf 90' lang='lat' dir='ltr'>unum</span> <span class='ocrx_word' id='word_1_197' title='bbox 1256 2973 1423 3042; x_wconf 86' lang='lat' dir='ltr'>conferens</span> 
     </span>
     <span class='ocr_line' id='line_1_22' title="bbox 232 3089 1424 3182; baseline -0.003 -20"><span class='ocrx_word' id='word_1_198' title='bbox 232 3095 265 3162; x_wconf 88' lang='lat' dir='ltr'>in</span> <span class='ocrx_word' id='word_1_199' title='bbox 284 3113 453 3182; x_wconf 89' lang='lat' dir='ltr'>personam</span> <span class='ocrx_word' id='word_1_200' title='bbox 469 3091 539 3158; x_wconf 91' lang='lat' dir='ltr'>Iulii</span> <span class='ocrx_word' id='word_1_201' title='bbox 556 3089 700 3159; x_wconf 87' lang='lat' dir='ltr'>Caesaris</span> <span class='ocrx_word' id='word_1_202' title='bbox 715 3089 761 3170; x_wconf 67' lang='grc' dir='ltr'>(θ,</span> <span class='ocrx_word' id='word_1_203' title='bbox 781 3109 812 3157; x_wconf 91' lang='lat' dir='ltr'>et</span> <span class='ocrx_word' id='word_1_204' title='bbox 827 3111 902 3158; x_wconf 88' lang='lat' dir='ltr'>eum</span> <span class='ocrx_word' id='word_1_205' title='bbox 918 3089 1141 3179; x_wconf 87' lang='lat' dir='ltr'>imperatorem</span> <span class='ocrx_word' id='word_1_206' title='bbox 1157 3091 1337 3173; x_wconf 87' lang='lat' dir='ltr'>nominans,</span> <span class='ocrx_word' id='word_1_207' title='bbox 1354 3114 1424 3158; x_wconf 91' lang='lat' dir='ltr'>rno-</span> 
     </span>
     <span class='ocr_line' id='line_1_23' title="bbox 231 3203 1422 3296; baseline -0.003 -20"><span class='ocrx_word' id='word_1_208' title='bbox 231 3207 382 3276; x_wconf 86' lang='lat' dir='ltr'>narcham</span> <span class='ocrx_word' id='word_1_209' title='bbox 407 3225 437 3275; x_wconf 90' lang='lat' dir='ltr'>et</span> <span class='ocrx_word' id='word_1_210' title='bbox 456 3205 631 3296; x_wconf 90' lang='lat' dir='ltr'>principem</span> <span class='ocrx_word' id='word_1_211' title='bbox 662 3203 773 3274; x_wconf 91' lang='lat' dir='ltr'>mundi</span> <span class='ocrx_word' id='word_1_212' title='bbox 799 3203 880 3272; x_wconf 89' lang='lat' dir='ltr'>fecit.</span> <span class='ocrx_word' id='word_1_213' title='bbox 928 3227 1010 3273; x_wconf 91' lang='lat' dir='ltr'>unus</span> <span class='ocrx_word' id='word_1_214' title='bbox 1037 3205 1123 3274; x_wconf 92' lang='lat' dir='ltr'>enim</span> <span class='ocrx_word' id='word_1_215' title='bbox 1142 3205 1178 3258; x_wconf 82' lang='lat' dir='ltr'>(r)</span> <span class='ocrx_word' id='word_1_216' title='bbox 1205 3223 1326 3273; x_wconf 88' lang='lat' dir='ltr'>creator</span> <span class='ocrx_word' id='word_1_217' title='bbox 1352 3227 1422 3273; x_wconf 90' lang='lat' dir='ltr'>orn-</span> 
     </span>
    </p>

    <p class='ocr_par' dir='ltr' id='par_1_4' title="bbox 185 3318 1573 3873">
     <span class='ocr_line' id='line_1_24' title="bbox 185 3318 1423 3411; baseline -0.002 -21"><span class='ocrx_word' id='word_1_218' title='bbox 185 3343 200 3408; x_wconf 86' lang='lat'><em>5</em></span> <span class='ocrx_word' id='word_1_219' title='bbox 232 3324 322 3392; x_wconf 91' lang='lat' dir='ltr'>nium</span> <span class='ocrx_word' id='word_1_220' title='bbox 341 3323 430 3390; x_wconf 90' lang='lat' dir='ltr'>Deus</span> <span class='ocrx_word' id='word_1_221' title='bbox 449 3341 508 3402; x_wconf 90' lang='lat' dir='ltr'>est,</span> <span class='ocrx_word' id='word_1_222' title='bbox 528 3343 609 3390; x_wconf 89' lang='lat' dir='ltr'>unus</span> <span class='ocrx_word' id='word_1_223' title='bbox 627 3343 720 3411; x_wconf 85' lang='lat' dir='ltr'>papa,</span> <span class='ocrx_word' id='word_1_224' title='bbox 737 3338 768 3388; x_wconf 87' lang='lat' dir='ltr'>et</span> <span class='ocrx_word' id='word_1_225' title='bbox 788 3320 900 3388; x_wconf 90' lang='lat' dir='ltr'>unicus</span> <span class='ocrx_word' id='word_1_226' title='bbox 919 3321 1090 3410; x_wconf 88' lang='lat' dir='ltr'>imperator</span> <span class='ocrx_word' id='word_1_227' title='bbox 1108 3321 1157 3388; x_wconf 91' lang='lat' dir='ltr'>cui</span> <span class='ocrx_word' id='word_1_228' title='bbox 1179 3319 1217 3386; x_wconf 89' lang='lat' dir='ltr'>ab</span> <span class='ocrx_word' id='word_1_229' title='bbox 1237 3341 1292 3386; x_wconf 91' lang='lat' dir='ltr'>ore</span> <span class='ocrx_word' id='word_1_230' title='bbox 1312 3318 1423 3388; x_wconf 90' lang='lat' dir='ltr'>divino</span> 
     </span>
     <span class='ocr_line' id='line_1_25' title="bbox 231 3435 1422 3528; baseline -0.002 -22"><span class='ocrx_word' id='word_1_231' title='bbox 231 3438 419 3528; x_wconf 90' lang='lat' dir='ltr'>praecipitur</span> <span class='ocrx_word' id='word_1_232' title='bbox 437 3435 590 3506; x_wconf 88' lang='lat' dir='ltr'>tributum</span> <span class='ocrx_word' id='word_1_233' title='bbox 614 3435 691 3504; x_wconf 89' lang='lat' dir='ltr'>dari.</span> <span class='ocrx_word' id='word_1_234' title='bbox 739 3435 831 3504; x_wconf 88' lang='lat' dir='ltr'>huius</span> <span class='ocrx_word' id='word_1_235' title='bbox 855 3435 1017 3526; x_wconf 88' lang='lat' dir='ltr'>dignitatis</span> <span class='ocrx_word' id='word_1_236' title='bbox 1040 3435 1165 3517; x_wconf 90' lang='lat' dir='ltr'>electio,</span> <span class='ocrx_word' id='word_1_237' title='bbox 1184 3455 1278 3524; x_wconf 88' lang='lat' dir='ltr'>atque</span> <span class='ocrx_word' id='word_1_238' title='bbox 1303 3435 1394 3504; x_wconf 88' lang='lat' dir='ltr'>sedes</span> <span class='ocrx_word' id='word_1_239' title='bbox 1413 3437 1422 3524; x_wconf 81' lang='lat' dir='ltr'>ll</span> 
     </span>
     <span class='ocr_line' id='line_1_26' title="bbox 233 3551 1573 3642; baseline -0.006 -18"><span class='ocrx_word' id='word_1_240' title='bbox 233 3553 370 3624; x_wconf 86' lang='lat' dir='ltr'>Romani</span> <span class='ocrx_word' id='word_1_241' title='bbox 383 3553 518 3642; x_wconf 89' lang='lat' dir='ltr'>imperii,</span> <span class='ocrx_word' id='word_1_242' title='bbox 528 3569 673 3642; x_wconf 84' lang='lat' dir='ltr'>tempore</span> <span class='ocrx_word' id='word_1_243' title='bbox 685 3552 889 3622; x_wconf 87' lang='lat' dir='ltr'>Constantini</span> <span class='ocrx_word' id='word_1_244' title='bbox 905 3553 1103 3642; x_wconf 86' lang='lat' dir='ltr'>imperatoris</span> <span class='ocrx_word' id='word_1_245' title='bbox 1116 3551 1154 3618; x_wconf 90' lang='lat' dir='ltr'>ad</span> <span class='ocrx_word' id='word_1_246' title='bbox 1167 3552 1308 3621; x_wconf 90' lang='lat' dir='ltr'>Graecos</span> <span class='ocrx_word' id='word_1_247' title='bbox 1323 3571 1423 3620; x_wconf 90' lang='lat' dir='ltr'>trans-</span> <span class='ocrx_word' id='word_1_248' title='bbox 1489 3585 1509 3616; x_wconf 82' lang='lat' dir='ltr'>c.</span> <span class='ocrx_word' id='word_1_249' title='bbox 1524 3579 1573 3632; x_wconf 67' lang='lat' dir='ltr'>ann</span> 
     </span>
     <span class='ocr_line' id='line_1_27' title="bbox 230 3665 1534 3760; baseline -0.002 -22"><span class='ocrx_word' id='word_1_250' title='bbox 230 3670 311 3738; x_wconf 87' lang='lat' dir='ltr'>latae</span> <span class='ocrx_word' id='word_1_251' title='bbox 327 3667 454 3754; x_wconf 68' lang='lat' dir='ltr'>suntlssl,</span> <span class='ocrx_word' id='word_1_252' title='bbox 466 3671 520 3760; x_wconf 92' lang='lat' dir='ltr'>qui</span> <span class='ocrx_word' id='word_1_253' title='bbox 537 3669 626 3758; x_wconf 84' lang='lat' dir='ltr'>gravi</span> <span class='ocrx_word' id='word_1_254' title='bbox 641 3665 755 3735; x_wconf 90' lang='lat' dir='ltr'>morbo</span> <span class='ocrx_word' id='word_1_255' title='bbox 771 3667 872 3757; x_wconf 88' lang='lat' dir='ltr'>leprae</span> <span class='ocrx_word' id='word_1_256' title='bbox 892 3665 972 3734; x_wconf 85' lang='lat' dir='ltr'>beati</span> <span class='ocrx_word' id='word_1_257' title='bbox 989 3666 1143 3754; x_wconf 85' lang='lat' dir='ltr'>Sylvestri</span> <span class='ocrx_word' id='word_1_258' title='bbox 1156 3665 1314 3756; x_wconf 87' lang='lat' dir='ltr'>pontificis</span> <span class='ocrx_word' id='word_1_259' title='bbox 1327 3669 1420 3736; x_wconf 89' lang='lat' dir='ltr'>inter·</span> <span class='ocrx_word' id='word_1_260' title='bbox 1530 3671 1534 3678; x_wconf 87' lang='lat'>&#39;</span> 
     </span>
     <span class='ocr_line' id='line_1_28' title="bbox 231 3779 1422 3873; baseline -0.002 -21"><span class='ocrx_word' id='word_1_261' title='bbox 231 3787 372 3854; x_wconf 89' lang='lat' dir='ltr'>cessione</span> <span class='ocrx_word' id='word_1_262' title='bbox 390 3785 550 3866; x_wconf 88' lang='lat' dir='ltr'>liberams,</span> <span class='ocrx_word' id='word_1_263' title='bbox 565 3783 604 3851; x_wconf 89' lang='lat' dir='ltr'>ad</span> <span class='ocrx_word' id='word_1_264' title='bbox 624 3807 696 3852; x_wconf 87' lang='lat' dir='ltr'>earn</span> <span class='ocrx_word' id='word_1_265' title='bbox 715 3801 836 3873; x_wconf 89' lang='lat' dir='ltr'>partem</span> <span class='ocrx_word' id='word_1_266' title='bbox 860 3783 1011 3852; x_wconf 86' lang='lat' dir='ltr'>Graeciae</span> <span class='ocrx_word' id='word_1_267' title='bbox 1029 3783 1170 3863; x_wconf 87' lang='lat' dir='ltr'>accessit,</span> <span class='ocrx_word' id='word_1_268' title='bbox 1187 3781 1239 3852; x_wconf 92' lang='lat' dir='ltr'>ubi</span> <span class='ocrx_word' id='word_1_269' title='bbox 1256 3779 1422 3850; x_wconf 83' lang='lat' dir='ltr'>conditam</span> 
     </span>
    </p>
   </div>
   <div class='ocr_carea' id='block_1_3' title="bbox 229 4003 1424 4304">
    <p class='ocr_par' dir='ltr' id='par_1_5' title="bbox 229 4003 1424 4304">
     <span class='ocr_line' id='line_1_29' title="bbox 297 4003 1424 4061; baseline 0 -11"><span class='ocrx_word' id='word_1_270' title='bbox 297 4009 326 4060; x_wconf 74' lang='lat' dir='ltr'>(cl</span> <span class='ocrx_word' id='word_1_271' title='bbox 341 4005 381 4050; x_wconf 81' lang='lat' dir='ltr'>Bb</span> <span class='ocrx_word' id='word_1_272' title='bbox 395 4018 435 4051; x_wconf 90' lang='lat' dir='ltr'>cur</span> <span class='ocrx_word' id='word_1_273' title='bbox 449 4005 506 4050; x_wconf 87' lang='lat' dir='ltr'>inter</span> <span class='ocrx_word' id='word_1_274' title='bbox 521 4005 622 4048; x_wconf 84' lang='lat' dir='ltr'>homines</span> <span class='ocrx_word' id='word_1_275' title='bbox 636 4005 674 4061; x_wconf 87' lang='lat' dir='ltr'>qui</span> <span class='ocrx_word' id='word_1_276' title='bbox 689 4004 782 4048; x_wconf 80' lang='lat' dir='ltr'>caeteris</span> <span class='ocrx_word' id='word_1_277' title='bbox 796 4015 897 4059; x_wconf 57' lang='lat' dir='ltr'>praeesse</span> <span class='ocrx_word' id='word_1_278' title='bbox 911 4003 1021 4048; x_wconf 64' lang='lat' dir='ltr'>desiderat</span> <span class='ocrx_word' id='word_1_279' title='bbox 1036 4003 1118 4048; x_wconf 70' lang='lat' dir='ltr'>virtute</span> <span class='ocrx_word' id='word_1_280' title='bbox 1175 4007 1206 4060; x_wconf 69' lang='lat' dir='ltr'>(bl</span> <span class='ocrx_word' id='word_1_281' title='bbox 1221 4005 1261 4050; x_wconf 74' lang='lat' dir='ltr'>Bb</span> <span class='ocrx_word' id='word_1_282' title='bbox 1270 4005 1348 4050; x_wconf 76' lang='lat' dir='ltr'>utrem</span> <span class='ocrx_word' id='word_1_283' title='bbox 1359 4005 1424 4050; x_wconf 84' lang='lat' dir='ltr'>omui</span> 
     </span>
     <span class='ocr_line' id='line_1_30' title="bbox 231 4081 1421 4140; baseline -0.002 -12"><span class='ocrx_word' id='word_1_284' title='bbox 231 4087 259 4138; x_wconf 66' lang='lat' dir='ltr'>lc}</span> <span class='ocrx_word' id='word_1_285' title='bbox 276 4087 316 4130; x_wconf 80' lang='lat' dir='ltr'>Aa</span> <span class='ocrx_word' id='word_1_286' title='bbox 331 4085 390 4130; x_wconf 79' lang='lat' dir='ltr'>lusto</span> <span class='ocrx_word' id='word_1_287' title='bbox 399 4085 499 4130; x_wconf 82' lang='lat' dir='ltr'>Romano</span> <span class='ocrx_word' id='word_1_288' title='bbox 513 4083 605 4140; x_wconf 84' lang='lat' dir='ltr'>imperio</span> <span class='ocrx_word' id='word_1_289' title='bbox 660 4083 691 4134; x_wconf 74' lang='lat' dir='ltr'>(dl</span> <span class='ocrx_word' id='word_1_290' title='bbox 706 4082 745 4127; x_wconf 76' lang='lat' dir='ltr'>Bt</span> <span class='ocrx_word' id='word_1_291' title='bbox 757 4095 796 4140; x_wconf 85' lang='lat' dir='ltr'>per</span> <span class='ocrx_word' id='word_1_292' title='bbox 809 4083 907 4127; x_wconf 85' lang='lat' dir='ltr'>duellum</span> <span class='ocrx_word' id='word_1_293' title='bbox 963 4085 992 4136; x_wconf 74' lang='lat' dir='ltr'>le)</span> <span class='ocrx_word' id='word_1_294' title='bbox 1010 4081 1052 4128; x_wconf 78' lang='lat' dir='ltr'>ul</span> <span class='ocrx_word' id='word_1_295' title='bbox 1065 4095 1191 4140; x_wconf 66' lang='lat' dir='ltr'>pomeuurn</span> <span class='ocrx_word' id='word_1_296' title='bbox 1200 4084 1223 4128; x_wconf 89' lang='lat' dir='ltr'>in</span> <span class='ocrx_word' id='word_1_297' title='bbox 1234 4095 1303 4128; x_wconf 84' lang='lat' dir='ltr'>unrun</span> <span class='ocrx_word' id='word_1_298' title='bbox 1316 4083 1421 4136; x_wconf 75' lang='lat' dir='ltr'>contulit,</span> 
     </span>
     <span class='ocr_line' id='line_1_31' title="bbox 229 4162 1420 4222; baseline 0 -14"><span class='ocrx_word' id='word_1_299' title='bbox 229 4165 386 4222; x_wconf 75' lang='lat' dir='ltr'>lnpernonrnt</span> <span class='ocrx_word' id='word_1_300' title='bbox 404 4166 488 4210; x_wconf 77' lang='lat' dir='ltr'>scillcet</span> <span class='ocrx_word' id='word_1_301' title='bbox 509 4162 644 4210; x_wconf 72' lang='lat' dir='ltr'>nereum</span> <span class='ocrx_word' id='word_1_302' title='bbox 723 4165 755 4210; x_wconf 63' lang='lat' dir='ltr'>lla</span> <span class='ocrx_word' id='word_1_303' title='bbox 773 4163 812 4208; x_wconf 78' lang='lat' dir='ltr'>Bb</span> <span class='ocrx_word' id='word_1_304' title='bbox 827 4164 894 4220; x_wconf 74' lang='lat' dir='ltr'>igitur</span> <span class='ocrx_word' id='word_1_305' title='bbox 961 4165 1049 4220; x_wconf 64' lang='lat' dir='ltr'>(plna</span> <span class='ocrx_word' id='word_1_306' title='bbox 1070 4165 1159 4216; x_wconf 84' lang='lat' dir='ltr'>electio,</span> <span class='ocrx_word' id='word_1_307' title='bbox 1173 4173 1240 4222; x_wconf 79' lang='lat' dir='ltr'>atque</span> <span class='ocrx_word' id='word_1_308' title='bbox 1254 4165 1318 4209; x_wconf 76' lang='lat' dir='ltr'>sedes</span> <span class='ocrx_word' id='word_1_309' title='bbox 1333 4163 1420 4222; x_wconf 83' lang='lat' dir='ltr'>imperil</span> 
     </span>
     <span class='ocr_line' id='line_1_32' title="bbox 229 4243 987 4304; baseline -0.003 -12"><span class='ocrx_word' id='word_1_310' title='bbox 229 4253 330 4304; x_wconf 74' lang='lat' dir='ltr'>tempore</span> <span class='ocrx_word' id='word_1_311' title='bbox 344 4245 485 4291; x_wconf 66' lang='lat' dir='ltr'>&amp;annotini</span> <span class='ocrx_word' id='word_1_312' title='bbox 500 4243 640 4304; x_wconf 77' lang='lat' dir='ltr'>imperatoria</span> <span class='ocrx_word' id='word_1_313' title='bbox 654 4245 682 4288; x_wconf 80' lang='lat' dir='ltr'>ad</span> <span class='ocrx_word' id='word_1_314' title='bbox 697 4243 798 4290; x_wconf 75' lang='lat' dir='ltr'>Graecos</span> <span class='ocrx_word' id='word_1_315' title='bbox 813 4245 943 4290; x_wconf 77' lang='lat' dir='ltr'>translatum</span> <span class='ocrx_word' id='word_1_316' title='bbox 954 4253 987 4290; x_wconf 73' lang='lat' dir='ltr'>et</span> 
     </span>
    </p>
   </div>
   <div class='ocr_carea' id='block_1_4' title="bbox 229 4429 1420 4927">
    <p class='ocr_par' dir='ltr' id='par_1_6' title="bbox 229 4429 1420 4927">
     <span class='ocr_line' id='line_1_33' title="bbox 263 4429 1420 4504; baseline 0 -16"><span class='ocrx_word' id='word_1_317' title='bbox 263 4433 307 4504; x_wconf 85' lang='grc' dir='ltr'>(ι)</span> <span class='ocrx_word' id='word_1_318' title='bbox 318 4431 411 4498; x_wconf 79' lang='lat' dir='ltr'>«Quia</span> <span class='ocrx_word' id='word_1_319' title='bbox 421 4450 487 4504; x_wconf 87' lang='lat' dir='ltr'>ergo</span> <span class='ocrx_word' id='word_1_320' title='bbox 497 4432 605 4502; x_wconf 78' lang='lat' dir='ltr'>negabit</span> <span class='ocrx_word' id='word_1_321' title='bbox 612 4431 700 4488; x_wconf 86' lang='lat' dir='ltr'>facere</span> <span class='ocrx_word' id='word_1_322' title='bbox 710 4445 802 4487; x_wconf 85' lang='lat' dir='ltr'>sancta</span> <span class='ocrx_word' id='word_1_323' title='bbox 849 4453 863 4482; x_wconf 76' lang='lat' dir='ltr'>a</span> <span class='ocrx_word' id='word_1_324' title='bbox 873 4447 928 4486; x_wconf 90' lang='lat' dir='ltr'>non</span> <span class='ocrx_word' id='word_1_325' title='bbox 940 4429 997 4486; x_wconf 85' lang='lat' dir='ltr'>fore</span> <span class='ocrx_word' id='word_1_326' title='bbox 1007 4431 1157 4486; x_wconf 81' lang='lat' dir='ltr'>subiectum</span> <span class='ocrx_word' id='word_1_327' title='bbox 1164 4431 1420 4503; x_wconf 83' lang='lat' dir='ltr'>Romanoirnperio,</span> 
     </span>
     <span class='ocr_line' id='line_1_34' title="bbox 231 4515 1419 4590; baseline 0.001 -20"><span class='ocrx_word' id='word_1_328' title='bbox 231 4537 242 4564; x_wconf 83' lang='grc' dir='ltr'>ι</span> <span class='ocrx_word' id='word_1_329' title='bbox 255 4529 396 4590; x_wconf 84' lang='lat' dir='ltr'>praccepta</span> <span class='ocrx_word' id='word_1_330' title='bbox 406 4518 473 4572; x_wconf 81' lang='lat' dir='ltr'>tanti</span> <span class='ocrx_word' id='word_1_331' title='bbox 483 4516 627 4590; x_wconf 83' lang='lat' dir='ltr'>pontificis,</span> <span class='ocrx_word' id='word_1_332' title='bbox 638 4517 706 4570; x_wconf 85' lang='lat' dir='ltr'>idest</span> <span class='ocrx_word' id='word_1_333' title='bbox 717 4533 801 4588; x_wconf 89' lang='lat' dir='ltr'>papae</span> <span class='ocrx_word' id='word_1_334' title='bbox 849 4537 862 4564; x_wconf 84' lang='grc' dir='ltr'><strong>α</strong></span> <span class='ocrx_word' id='word_1_335' title='bbox 873 4518 949 4570; x_wconf 84' lang='lat' dir='ltr'>culus</span> <span class='ocrx_word' id='word_1_336' title='bbox 959 4515 1042 4570; x_wconf 83' lang='lat' dir='ltr'>sacris</span> <span class='ocrx_word' id='word_1_337' title='bbox 1051 4515 1164 4588; x_wconf 81' lang='lat' dir='ltr'>legibus,</span> <span class='ocrx_word' id='word_1_338' title='bbox 1176 4516 1334 4588; x_wconf 84' lang='lat' dir='ltr'>respublica,</span> <span class='ocrx_word' id='word_1_339' title='bbox 1345 4517 1419 4572; x_wconf 84' lang='lat' dir='ltr'>salva</span> 
     </span>
     <span class='ocr_line' id='line_1_35' title="bbox 230 4598 1419 4674; baseline 0.003 -20"><span class='ocrx_word' id='word_1_340' title='bbox 230 4601 366 4654; x_wconf 73' lang='lat' dir='ltr'>«maximi</span> <span class='ocrx_word' id='word_1_341' title='bbox 396 4601 523 4674; x_wconf 83' lang='lat' dir='ltr'>principis</span> <span class='ocrx_word' id='word_1_342' title='bbox 551 4601 733 4666; x_wconf 85' lang='lat' dir='ltr'>sacerdotum,</span> <span class='ocrx_word' id='word_1_343' title='bbox 755 4599 801 4672; x_wconf 89' lang='lat' dir='ltr'>qui</span> <span class='ocrx_word' id='word_1_344' title='bbox 849 4600 981 4665; x_wconf 74' lang='lat' dir='ltr'>«iustitia,</span> <span class='ocrx_word' id='word_1_345' title='bbox 994 4599 1142 4664; x_wconf 88' lang='lat' dir='ltr'>ordinatur,</span> <span class='ocrx_word' id='word_1_346' title='bbox 1156 4598 1335 4672; x_wconf 82' lang='lat' dir='ltr'>amplificatur</span> <span class='ocrx_word' id='word_1_347' title='bbox 1344 4613 1371 4656; x_wconf 87' lang='lat' dir='ltr'>et</span> <span class='ocrx_word' id='word_1_348' title='bbox 1382 4621 1419 4658; x_wconf 88' lang='lat' dir='ltr'>re·</span> 
     </span>
     <span class='ocr_line' id='line_1_36' title="bbox 230 4683 1417 4756; baseline 0.006 -22"><span class='ocrx_word' id='word_1_349' title='bbox 230 4705 245 4734; x_wconf 78' lang='grc' dir='ltr'>ι</span> <span class='ocrx_word' id='word_1_350' title='bbox 256 4701 353 4740; x_wconf 82' lang='lat' dir='ltr'>ornnes</span> <span class='ocrx_word' id='word_1_351' title='bbox 372 4701 465 4740; x_wconf 86' lang='lat' dir='ltr'>sacros</span> <span class='ocrx_word' id='word_1_352' title='bbox 480 4685 588 4742; x_wconf 88' lang='lat' dir='ltr'>ordines</span> <span class='ocrx_word' id='word_1_353' title='bbox 603 4685 803 4740; x_wconf 85' lang='lat' dir='ltr'>ecclesiasticos</span> <span class='ocrx_word' id='word_1_354' title='bbox 849 4685 944 4756; x_wconf 76' lang='lat' dir='ltr'>agitur</span> <span class='ocrx_word' id='word_1_355' title='bbox 954 4705 977 4738; x_wconf 80' lang='grc' dir='ltr'>ι,</span> <span class='ocrx_word' id='word_1_356' title='bbox 1030 4683 1060 4738; x_wconf 88' lang='lat' dir='ltr'>B.</span> <span class='ocrx_word' id='word_1_357' title='bbox 1079 4683 1216 4748; x_wconf 72' lang='lat' dir='ltr'>Moratum,</span> <span class='ocrx_word' id='word_1_358' title='bbox 1230 4683 1291 4740; x_wconf 77' lang='lat' dir='ltr'>car.</span> <span class='ocrx_word' id='word_1_359' title='bbox 1311 4686 1417 4741; x_wconf 76' lang='lat' dir='ltr'>,liodbea</span> 
     </span>
     <span class='ocr_line' id='line_1_37' title="bbox 229 4769 979 4844; baseline 0.003 -22"><span class='ocrx_word' id='word_1_360' title='bbox 229 4769 392 4844; x_wconf 78' lang='lat' dir='ltr'>«disponltl</span> <span class='ocrx_word' id='word_1_361' title='bbox 428 4771 485 4842; x_wconf 87' lang='lat' dir='ltr'>ipse</span> <span class='ocrx_word' id='word_1_362' title='bbox 496 4771 569 4826; x_wconf 86' lang='lat' dir='ltr'>euim</span> <span class='ocrx_word' id='word_1_363' title='bbox 579 4770 708 4843; x_wconf 88' lang='lat' dir='ltr'>quidquid</span> <span class='ocrx_word' id='word_1_364' title='bbox 724 4785 803 4824; x_wconf 87' lang='lat' dir='ltr'>unus·</span> <span class='ocrx_word' id='word_1_365' title='bbox 851 4785 979 4842; x_wconf 74' lang='lat' dir='ltr'>rupo-9¹.</span> 
     </span>
     <span class='ocr_line' id='line_1_38' title="bbox 229 4851 896 4927; baseline 0.003 -19"><span class='ocrx_word' id='word_1_366' title='bbox 229 4853 368 4927; x_wconf 78' lang='lat' dir='ltr'>«quisque</span> <span class='ocrx_word' id='word_1_367' title='bbox 387 4851 475 4908; x_wconf 85' lang='lat' dir='ltr'>facere</span> <span class='ocrx_word' id='word_1_368' title='bbox 502 4855 608 4920; x_wconf 84' lang='lat' dir='ltr'>debeat,</span> <span class='ocrx_word' id='word_1_369' title='bbox 630 4853 756 4918; x_wconf 82' lang='lat' dir='ltr'>ostendit,</span> <span class='ocrx_word' id='word_1_370' title='bbox 774 4865 801 4909; x_wconf 86' lang='lat' dir='ltr'>et</span> <span class='ocrx_word' id='word_1_371' title='bbox 892 4903 896 4910; x_wconf 93' lang='lat'><em>.</em></span> 
     </span>
    </p>
   </div>
   <div class='ocr_carea' id='block_1_5' title="bbox 334 4975 555 5024">
    <p class='ocr_par' dir='ltr' id='par_1_7' title="bbox 334 4975 555 5024">
     <span class='ocr_line' id='line_1_39' title="bbox 334 4975 555 5024; baseline 0.009 -2"><span class='ocrx_word' id='word_1_372' title='bbox 334 4975 351 5024; x_wconf 89' lang='lat'>1.</span> <span class='ocrx_word' id='word_1_373' title='bbox 366 4975 555 5024; x_wconf 65' lang='lat' dir='ltr'>decem.</span> 
     </span>
    </p>
   </div>
   <div class='ocr_carea' id='block_1_6' title="bbox 0 0 1942 5886">
    <p class='ocr_par' dir='ltr' id='par_1_8' title="bbox 0 0 1942 5886">
     <span class='ocr_line' id='line_1_40' title="bbox 0 0 1942 5886; baseline 0 0"><span class='ocrx_word' id='word_1_374' title='bbox 0 0 1942 5886; x_wconf 95' lang='lat' dir='ltr'> </span> 
     </span>
    </p>
   </div>
  </div>
 </body>
</html>
