3874 5886
690 495 1017 555 PREFAZIONE.
1321 500 1450 556 XXXVII

849 629 928 636 -u-e-——
1006 629 1137 636 ——-—

261 769 432 826 tacuimiurn
442 769 500 840 fuit,
510 771 630 828 vicinum
667 773 778 828 visitans
797 787 922 830 montem
932 773 990 828 urbi
1000 773 1037 828 vi·
1071 785 1128 828 tcru
1146 774 1267 828 vicinum
1292 773 1364 828 urbis
1389 773 1451 828 uisi-

261 865 333 922 urbis
379 881 503 924 montem
541 869 631 925 visitat
668 869 769 936 dnum,
805 886 821 925 a
854 869 1034 926 Theutouicis
1070 881 1176 937 taus,a
1200 868 1363 938 ThcutonIs,
1378 869 1447 925 ultra

262 965 628 1036 praesidiumunicndunac
665 967 970 1034 subitocircurnventus,
981 983 1035 1022 una
1070 983 1154 1039 quam
1164 966 1291 1023 credibile
1301 966 1388 1022 luerat
1397 983 1450 1022 ser·

261 1061 325 1119 inde
361 1062 476 1118 insultus
507 1061 630 1136 frequen·
667 1081 730 1120 curu
741 1062 874 1138 plerisque
884 1065 929 1137 qui
941 1081 1036 1120 secum
1072 1065 1197 1137 pentibus
1208 1065 1283 1137 equis
1293 1065 1391 1137 ubique
1403 1081 1452 1138 per

261 1161 378 1216 tantbus
396 1161 447 1216 iter
459 1159 537 1216 vallis
556 1161 630 1217 fiata
667 1161 1035 1236 erantprImumdesansIoue
1071 1161 1149 1216 devia
1157 1172 1289 1229 montem,
1301 1162 1392 1218 subito
1402 1165 1451 1218 cir·

262 1257 425 1326 TbeutunIs,
451 1259 520 1314 ultra
547 1275 630 1332 quarn
666 1271 774 1333 peracta
797 1275 897 1334 pugna,
916 1259 1036 1332 pluribus
1073 1271 1233 1316 cumventus
1248 1275 1303 1314 una
1319 1277 1382 1316 cuns
1397 1259 1452 1334 plc-

261 1355 389 1410 credibile
403 1353 490 1411 Iuerat
504 1355 632 1428 serpenti·
668 1357 781 1430 receptis
788 1356 952 1423 vulneribus,
959 1355 1035 1412 humi
1072 1357 1161 1430 risque
1185 1357 1232 1430 qui
1250 1373 1345 1413 seeum
1364 1368 1450 1422 erant,

260 1453 310 1508 bus
328 1453 404 1525 equis
431 1451 487 1509 suis
513 1453 631 1527 unquue
666 1465 815 1526 prostratus
842 1467 896 1522 est3
927 1455 1035 1522 caeteri,
1071 1453 1181 1510 modica
1210 1470 1260 1527 pro
1293 1451 1450 1510 defensione

262 1551 393 1626 perderis
403 1552 631 1618 montem‚subito
666 1551 775 1610 fortuna
789 1555 907 1622 iuvante,
920 1552 1033 1625 lugiunt.
1071 1563 1180 1626 peracta
1206 1569 1305 1625 pugna,
1330 1551 1450 1624 pluribus

261 1663 315 1702 una
333 1663 397 1702 curu
416 1647 458 1702 his
472 1649 519 1720 qui
536 1665 630 1704 secum
1071 1649 1186 1722 receptis
1195 1647 1360 1713 vulneribus,
1371 1645 1450 1701 humi

261 1743 560 1812 erautcircumvcntus,
572 1760 631 1800 mn
1071 1755 1220 1818 prostratus
1247 1755 1296 1800 est.
1340 1743 1448 1810 caeteri,

260 1841 321 1898 ulca
349 1843 375 1898 in
403 1842 561 1904 defensione
585 1861 630 1901 aa·
1070 1843 1178 1900 fortuna
1187 1844 1301 1912 sIneute,
1310 1859 1358 1918 per
1367 1843 1446 1899 deria

261 1954 353 1994 tessus
386 1953 496 2014 peracta
531 1958 631 2015 pugna,
1071 1955 1208 2014 utcunque
1231 1940 1346 2014 lugiunt.
1391 1941 1447 1996 iana

261 2035 381 2112 pluribus
403 2039 518 2112 receptis
536 2039 631 2096 vulne·
1071 2039 1212 2114 iucugnito
1227 2039 1372 2095 Thebaldo
1388 2039 1445 2095 vic·

261 2135 629 2210 ribus,equoprostratuscst
1069 2151 1114 2194 tor
1122 2137 1285 2194 Tbeutuuus
1294 2137 1446 2203 recedebat,

261 2233 381 2308 ptusque
411 2236 544 2292 consitum
572 2237 630 2294 eius
1071 2255 1135 2294 cum
1149 2237 1196 2310 qui
1211 2235 1348 2311 spoliandi
1365 2252 1449 2292 causa

262 2329 298 2386 ibi
313 2329 549 2398 caesiutlortuna
559 2333 630 2400 sinis,
1071 2343 1264 2398 remanserant,
1282 2329 1351 2387 inter
1370 2331 1450 2386 cada·

262 2443 309 2500 per
318 2427 395 2483 deria
409 2427 509 2484 montis
524 2441 630 2484 utcum-
1071 2443 1134 2483 vera
1145 2427 1234 2482 adhuc
1243 2425 1337 2480 vivum
1347 2441 1449 2498 cogno·

261 2541 314 2598 que
343 2523 457 2598 fugiunt
503 2525 560 2580 iam
589 2526 630 2580 iu-
702 2525 757 2592 Qui
787 2525 921 2600 spoliandi
952 2541 1034 2581 causa
1070 2541 1133 2580 vere
1158 2522 1332 2579 Thebaldum
1351 2521 1449 2578 frustra

262 2619 373 2692 cognito
393 2618 516 2676 Tebaldo
544 2623 630 2676 victor
666 2633 851 2678 remanserant
869 2621 939 2677 inter
957 2619 1035 2675 cada·
1069 2631 1223 2692 sperantem
1250 2635 1280 2674 se
1310 2617 1448 2673 moribun-

262 2712 426 2770 Theutonus
467 2717 627 2786 recedebat,
663 2733 727 2772 vera
758 2719 851 2772 vivunt
878 2730 1032 2789 cognovere
1068 2714 1134 2770 dum
1145 2713 1254 2786 fingere
1275 2711 1445 2785 quiillicoad

262 2815 382 2888 cumqui
398 2815 532 2888 spoliandi
548 2832 630 2872 causa
665 2815 820 2872 Tebalduru
837 2815 986 2888 tingentem
1004 2831 1034 2870 se
1069 2811 1448 2886 regemprotractumntiqua

261 2925 454 2984 remanserant,
469 2914 539 2970 inter
552 2913 630 2968 cada·
666 2927 813 2980 mortuum,
830 2914 877 2988 qui
901 2913 977 2970 illico
1001 2911 1034 2968 ad
1072 2911 1273 2982 crimina‚quac
1286 2925 1343 2964 non
1358 2909 1449 2963 miuus

261 3027 324 3066 vera
350 3011 439 3067 adbuc
466 3011 559 3066 viuum
583 3027 629 3066 co·
665 3027 758 3084 regem
785 3023 941 3083 pertractus,
966 3011 1034 3065 anti·
1069 3009 1148 3066 novis
1163 3006 1272 3082 publica
1285 3007 1334 3063 sibi
1350 3005 1449 3078 allega·

262 3123 380 3180 gnovere
400 3107 554 3164 Tebalduna
576 3107 627 3164 Iru-
663 3125 716 3180 qua
742 3109 862 3174 cumina.
886 3125 956 3182 quae
975 3123 1031 3164 nou
1066 3107 1163 3161 bantur
1181 3106 1209 3160 in
1228 3120 1309 3160 causa
1327 3117 1379 3160 etc.

261 3215 315 3258 stra
329 3217 482 3278 sperantem
499 3221 529 3260 sc
544 3205 625 3262 muri·
660 3205 751 3260 minus
766 3203 845 3260 novis
859 3204 968 3279 publica
980 3203 1031 3260 sibi

261 3301 627 3378 bundumiingcre,quiillicu
664 3303 849 3376 allegabantur
882 3303 910 3358 in
943 3317 1034 3368 causa,

262 3401 295 3456 ad
307 3417 401 3474 regem
415 3413 573 3475 pertractus,
579 3418 626 3458 an·
662 3401 744 3458 obiici
762 3401 813 3458 sibi
828 3399 937 3456 audivit.

262 3499 334 3572 tIqua
349 3499 472 3568 crisuiua,
486 3517 557 3574 quae
571 3515 627 3556 non

262 3599 352 3656 minus
363 3601 442 3656 neuls
456 3599 564 3672 pubbca
578 3599 628 3655 sibi

262 3697 629 3771 allegabanturiucausaetc.

333 3847 400 3920 Cap.
420 3847 557 3904 XXXVII.
1148 3847 1216 3919 Cap.
1234 3844 1376 3900 XXXVII.

298 3955 400 4032 Itaque,
414 3959 531 4032 cognitis
559 3975 573 4012 a
601 3975 631 4014 sc
703 3959 803 4032 ltaque,
824 3956 976 4030 cognitisa
1005 3973 1035 4014 sc
1105 3957 1207 4030 Itaque,
1227 3957 1343 4026 cognitis
1366 3959 1449 4012 ctiam

263 4057 340 4112 novis
358 4057 528 4130 antiquisque
546 4055 630 4112 scele-
666 4057 744 4110 nuvis
763 4055 931 4128 antiquisque
950 4053 1034 4111 secle-
1072 4071 1088 4110 a
1115 4071 1143 4110 se
1170 4055 1249 4110 novis
1277 4053 1447 4128 antiquisque

263 4153 344 4220 rubus,
367 4171 436 4226 quae
463 4167 555 4211 tamen
582 4169 630 4210 ort
666 4153 748 4220 ribus,
776 4170 845 4228 quae
872 4167 964 4208 tamen
989 4170 1037 4208 ore
1072 4152 1227 4218 sceleribus,
1256 4169 1326 4224 quac
1355 4165 1448 4208 tamen

264 4252 337 4324 vulgi
364 4265 430 4306 nuta
463 4252 518 4306 iam
546 4265 630 4317 erant,
665 4251 740 4324 vulgi
753 4263 818 4306 nota
833 4263 918 4316 erant,
936 4249 1035 4306 «Satis
1071 4267 1118 4306 ore
1131 4250 1205 4322 vulgi
1218 4253 1272 4306 iarn
1286 4265 1350 4306 nota
1364 4261 1449 4318 erant,

264 4349 364 4406 «Satis
395 4363 444 4416 est,
471 4351 556 4424 iuquit
586 4365 632 4404 rea
668 4362 709 4404 est
727 4361 809 4406 etc.»
1072 4347 1172 4402 «Satis
1191 4361 1239 4413 est,
1264 4349 1349 4421 iuquit
1366 4359 1418 4402 etc.
1431 4369 1446 4400 s

264 4459 314 4502 etc.
335 4467 349 4500 s

363 4600 431 4675 Cap.
451 4599 535 4658 XIII.
737 4599 795 4656 Iib.
814 4601 848 4668 11,
867 4618 926 4674 cap.
944 4615 971 4659 x.
1177 4599 1244 4673 Cap.
1259 4599 1342 4658 XLII.

300 4795 374 4850 Dum
400 4795 491 4870 itaque
518 4813 564 4852 rer
584 4811 631 4850 nu
702 4795 801 4850 lanuse
814 4795 904 4870 itaque
917 4811 962 4850 res
978 4811 1036 4852 uso·
1106 4793 1179 4850 Dum
1192 4795 1283 4870 itaque
1296 4812 1341 4850 rex
1356 4807 1449 4851 noster
