3860 5890
541 549 603 631 146
1006 551 1250 610 u1srou1a

535 795 659 846 servata
681 775 756 846 urbe
781 792 952 844 contentus
980 772 1049 842 brit.
1095 771 1248 842 simulans
1270 789 1379 840 tamen
1397 791 1490 859 aegre
1508 767 1590 838 ferre
1612 766 1720 836 hostes
1748 793 1789 862 35

536 910 602 960 tam
621 892 735 960 liberos
754 907 786 959 et
800 891 869 960 sine
884 889 950 959 ullo
964 889 1105 980 periculo
1120 887 1215 970 abire,
1234 887 1353 978 inquit:
1381 912 1398 953 a
1414 886 1592 968 Francisce,
1607 907 1671 974 ego
1686 884 1720 940 (⁸l

537 1009 662 1078 credere
685 1007 819 1090 minime
840 1008 1017 1096 potuissem
1040 1005 1099 1075 sub
1122 1004 1234 1074 umbra
1255 1003 1386 1073 salubris
1411 1002 1534 1072 consilii
1564 1000 1665 1070 ullum
1687 1019 1719 1070 te

537 1123 647 1192 Martis
670 1122 802 1192 evitasse
825 1121 1000 1211 periculum
1016 1145 1046 1188 o.
1091 1119 1171 1188 haec
1192 1139 1258 1186 vox
1287 1115 1414 1186 audacis
1432 1117 1492 1184 viri
1518 1116 1719 1206 praecipitem

536 1237 681 1306 animum
703 1238 816 1305 movit.
862 1254 894 1305 et
915 1235 1012 1304 illico:
1034 1233 1254 1325 «pandantur,
1269 1232 1279 1322 l
1294 1231 1406 1321 iuquit,
1438 1249 1547 1322 portae
1570 1231 1665 1315 urbis,
1687 1249 1719 1299 et

535 1352 725 1420 insultentur
755 1351 874 1434 hostes,
897 1368 1067 1441 postquam
1099 1348 1206 1418 utilius
1235 1349 1299 1416 hoc
1328 1347 1419 1417 vobis
1445 1369 1514 1416 esse
1544 1347 1669 1416 videtur
1686 1371 1717 1414 a.
1743 1369 1789 1436 4⁰

535 1467 602 1536 risit
624 1467 750 1550 Galeaz,
765 1491 794 1532 ἀ
808 1465 933 1549 sufficit,
955 1465 1112 1555 inquiens,
1137 1463 1226 1554 quod
1247 1462 1438 1554 quaerebam
1460 1462 1562 1530 habeo
1577 1487 1607 1532 s.

602 1583 754 1652 LXVIII.
801 1582 897 1650 Tunc
907 1580 996 1650 fessis
1008 1579 1240 1670 Guelphorum,
1255 1579 1421 1669 praecipue
1436 1577 1650 1668 Papiensium‚
1664 1579 1718 1667 qui

536 1713 613 1764 tunc
634 1696 668 1764 in
686 1694 816 1784 Lig‘uria
833 1696 990 1785 principes
1012 1694 1110 1784 ipsius
1133 1693 1280 1762 factionis
1303 1712 1402 1776 erant,
1425 1692 1603 1762 amicorum
1617 1691 1716 1760 subsi-

535 1809 604 1892 diis,
629 1809 810 1899 aliquandiu
833 1811 995 1899 utriusque
1018 1809 1164 1878 factionis
1187 1808 1310 1898 languit
1334 1809 1435 1898 vigor.
1481 1825 1513 1877 et
1526 1807 1614 1877 velut
1631 1807 1717 1876 nulla

534 1925 659 1994 occasio
674 1923 759 2007 belli,
777 1925 880 1994 immo
899 1925 1005 1994 omnIs
1024 1947 1118 1992 causa
1128 1924 1214 2014 pacis
1228 1921 1319 2005 foret,
1335 1921 1475 2013 undique
1490 1921 1613 1992 rusticis
1628 1945 1716 1991 aran·

533 2035 615 2104 tibus
633 2035 747 2125 quietis
771 2035 864 2125 agris,
880 2053 950 2104 toto
973 2036 1043 2126 ipso
1065 2057 1151 2104 auno
1175 2053 1327 2104 cessasset
1350 2035 1455 2102 omnis
1478 2033 1566 2104 furor
1584 2033 1667 2116 belli,
1683 2035 1717 2102 ni
1742 2057 1761 2124 5

534 2149 701 2219 domestici
723 2151 920 2220 consultores
943 2152 1054 2221 Mataei
1078 2149 1127 2238 ,de
1154 2173 1189 2218 se
1212 2150 1349 2240 graviter
1376 2151 1480 2240 questi
1510 2148 1627 2234 forent,
1649 2150 1716 2218 eius

533 2265 762 2356 negligentiam
781 2282 974 2335 accusantes.
1024 2267 1088 2334 ein
1107 2287 1232 2336 camera
1249 2267 1328 2350 eius,
1345 2267 1504 2355 inquiunt,
1522 2287 1590 2336 non
1609 2283 1644 2336 ut
1661 2287 1715 2332 ex-

531 2379 627 2470 pedit,
650 2380 707 2449 sed
729 2383 858 2471 segnius
880 2381 1033 2470 opinione
1056 2381 1174 2449 civium
1190 2380 1225 2438 (l)
1241 2379 1383 2450 hostibus
1407 2380 1525 2450 bellum
1548 2381 1626 2471 geri,
1657 2403 1715 2450 nec

532 2511 697 2584 propterea
719 2516 833 2564 eorum
856 2495 956 2564 bursis
974 2497 1116 2585 requiem
1139 2495 1213 2564 dari.
1260 2519 1327 2565 non
1350 2517 1409 2564 nos
1432 2495 1545 2578 modo,
1559 2496 1615 2566 sed
1637 2495 1715 2565 haec

531 2631 588 2696 per
605 2609 691 2678 urbis
713 2610 852 2699 compita
870 2628 1015 2680 mussant
1038 2610 1132 2693 cives,
1151 2608 1265 2700 quibus
1288 2611 1555 2678 mercenariorum
1577 2611 1713 2678 militum
1744 2631 1784 2680 ro

531 2723 664 2792 minime
680 2743 801 2791 cessare
819 2723 966 2792 videntur
985 2746 1153 2812 expensae,
1170 2747 1231 2793 nec
1248 2741 1284 2793 ut
1306 2723 1442 2792 habeant
1461 2724 1634 2794 honestum
1656 2747 1711 2814 op-

531 2853 695 2926 tatumque
717 2835 816 2905 finem
840 2836 911 2905 belli
929 2837 1012 2906 ullos
1036 2837 1165 2908 bellicos
1182 2857 1268 2908 actus
1286 2837 1350 2909 ulla
1364 2857 1452 2929 parte
1467 2838 1535 2908 fieri
1561 2838 1711 2909 vident».

532 2949 636 3040 itaque
654 2949 747 3019 huius
769 2950 914 3040 querelae
937 2973 1030 3020 causa
1052 2976 1092 3020 ex
1116 2953 1190 3043 ipsis
1213 2953 1396 3022 domesticis
1412 2952 1643 3024 consultoribus
1658 2953 1713 3022 eli·

531 3083 737 3154 guntursex,
759 3065 872 3155 quibus
895 3065 1027 3155 gerendi
1051 3065 1122 3136 belli
1145 3089 1227 3136 onus
1249 3085 1344 3157 atque
1366 3069 1535 3136 auctoritas
1558 3086 1589 3136 et
1607 3070 1712 3136 omnis

532 3201 605 3248 cura
620 3181 790 3248 commissa
804 3197 851 3248 est
864 3180 908 3248 (¹).
955 3181 988 3248 hi
1004 3181 1217 3250 Lomellinam
1231 3203 1378 3251 annonae
1391 3180 1537 3266 fertilem,
1551 3205 1632 3272 quae
1646 3205 1712 3252 non
1743 3205 1780 3272 15

531 3293 658 3362 modica
675 3317 735 3362 nec
753 3293 889 3363 deterior
907 3318 978 3385 pars
995 3296 1158 3386 Papiensis
1177 3296 1244 3388 agri
1264 3314 1322 3378 est,
1340 3295 1560 3387 occupandam
1574 3319 1643 3366 esse
1659 3297 1712 3366 de·

532 3425 674 3476 cernunt
720 3407 798 3477 baec
821 3408 1044 3478 lomellinal‘i
1062 3413 1145 3482 inter
1166 3411 1288 3480 Padum
1314 3413 1530 3503 Ticinumque
1552 3435 1643 3482 more
1665 3415 1712 3484 in·

530 3520 617 3590 sulae
631 3521 688 3588 sita
700 3539 756 3589 est.
793 3524 899 3612 itaque
911 3524 1073 3596 Luchinus
1088 3528 1201 3599 Mattei
1214 3525 1307 3610 filius,
1320 3549 1394 3596 cum
1408 3530 1547 3598 exercitu
1558 3529 1711 3599 Ticinum

531 3635 695 3718 transiens,
713 3635 745 3704 in
774 3637 987 3708 Lomellinam
1011 3640 1124 3724 tendit,
1147 3643 1208 3727 cui,
1231 3643 1285 3732 qui
1304 3661 1440 3712 aetatem
1463 3645 1529 3714 eius
1548 3664 1659 3734 regant
1681 3665 1712 3714 et

530 3748 746 3840 gerendorum
768 3773 876 3820 curam
900 3752 1047 3838 habeant,
1066 3754 1129 3826 dati
1147 3775 1222 3826 sunt
1244 3757 1432 3828 Guillelmus
1450 3757 1490 3828 de
1514 3759 1639 3840 Casate,
1662 3759 1711 3826 Si·
1738 3773 1783 3823 20

531 3884 610 3934 mon
629 3864 785 3934 Crivellus
804 3883 836 3934 et
854 3867 1038 3938 Franciscus
1062 3869 1101 3938 de
1123 3871 1336 3962 Garbagnate,
1356 3873 1404 3940 vir
1426 3873 1572 3964 Impiger,
1591 3875 1623 3941 in
1646 3894 1710 3964 quo

531 3997 617 4048 tanta
639 3999 705 4048 erat
723 3979 862 4064 audacia,
887 4002 922 4050 ut
944 3987 1049 4073 potius
1071 3986 1295 4070 moderandus,
1318 4009 1415 4077 quam
1439 3987 1613 4058 hortandus
1631 3987 1711 4057 soret

531 4093 570 4163 ad
593 4095 731 4184 pericula
760 4097 962 4186 capescenda,
986 4099 1076 4168 nullo
1095 4099 1202 4170 labore
1227 4104 1366 4192 corporis
1389 4120 1442 4170 aut
1460 4103 1560 4172 animi
1583 4101 1710 4187 fractus,

530 4207 713 4300 incoeptum
737 4213 905 4300 negotium
919 4231 1213 4306 quantumcumque
1232 4216 1365 4286 arduum
1384 4220 1438 4286 vix
1453 4218 1543 4308 liquit
1558 4241 1709 4309 umquam

530 4320 692 4408 infectum,
712 4325 801 4394 cuius
824 4325 971 4397 audaciae
1001 4328 1128 4398 fortuna
1150 4352 1244 4420 saepe
1266 4329 1337 4421 plus
1359 4352 1457 4419 quam
1480 4331 1628 4420 cuiquam
1645 4354 1715 4420 cre·
1737 4347 1778 4415 25

581 4501 615 4558 (a)
629 4502 655 4547 11
661 4503 762 4562 femur.
777 4505 797 4550 B
814 4505 872 4550 enim
886 4507 976 4554 eredere
989 4509 1079 4554 minime
1093 4509 1218 4568 potuissem
1275 4511 1312 4569 (b)
1326 4511 1387 4557 arur.
1402 4510 1499 4558 civicum
1561 4514 1594 4570 (e)
1607 4511 1701 4559 &m

529 4581 553 4626 B
565 4579 704 4630 uenulae
730 4585 792 4633 arur.
804 4585 931 4634 Homellina
943 4595 969 4635 et
980 4589 1041 4636 idem
1057 4591 1132 4650 insta

529 4737 735 4892 opoptlntpmo
757 4748 876 4820 aquesti
896 4751 981 4806 nuovi
1003 4751 1117 4808 instituti
1135 4751 1179 4808 del
1200 4753 1351 4826 principato
1374 4767 1501 4812 nascente
1526 4754 1560 4812 cs.
1582 4755 1710 4824 Gtutnu,

567 4862 573 4876 .
609 4841 617 4877 ι
682 4843 749 4900 ‚59.
