3860 5890
580 605 609 660 1.
636 602 696 661 DE
723 589 1034 663 CERMEriATE.
1336 615 1396 682 ¹37

146 855 184 922 35
214 811 309 914 pa'rris
329 823 470 892 Melollae
493 832 601 916 ea'ptos
624 825 738 915 repetit
760 836 816 894 aut
832 825 975 915 precibus
993 834 1047 896 alat
1064 827 1173 916 pretiis
1192 827 1336 912 redemit,
1359 851 1394 900 ut

214 939 326 1028 pontit.
373 938 540 1030 plerosque
557 962 639 1030 quos
659 939 791 1008 crudelis
809 941 998 1030 spoliaverat
1015 939 1145 1031 praedo,
1163 943 1227 1012 suis
1250 953 1397 1012 suorum-

213 1070 275 1144 que
287 1051 481 1122 famulorum
496 1055 603 1124 eiectis
626 1051 666 1122 de
685 1053 780 1124 dorso
803 1055 942 1123 vestibus
961 1053 1066 1123 nudos
1085 1057 1259 1146 cooperuit.
1305 1058 1399 1128 huius

214 1171 271 1238 viri
284 1189 390 1238 mores
400 1169 491 1238 silere
510 1171 687 1260 nequeol¹l2
733 1170 838 1240 nullus
853 1173 883 1239 in
898 1171 1110 1254 Marrhesana,
1125 1173 1196 1262 ipso
1212 1193 1280 1242 non
1296 1173 1399 1259 exule,

214 1301 327 1352 tertam
347 1283 486 1374 pluribus
504 1283 648 1354 vertebat
667 1285 794 1368 aratris3
818 1306 884 1354 non
908 1302 1015 1353 tamen
1034 1285 1184 1370 delicatis,
1205 1287 1260 1355 sed
1279 1289 1398 1376 grossis

143 1428 188 1498 40
214 1399 342 1468 vivebat
355 1397 441 1467 cibis.
475 1399 607 1482 anricus,
619 1411 717 1490 quent
730 1415 804 1469 casu
814 1399 921 1490 aliquo
933 1399 1101 1484 visitasset,
1115 1402 1140 1469 si
1153 1403 1258 1492 ipsum
1273 1401 1398 1472 lautas>

215 1531 248 1584 et
264 1515 374 1605 pingui
397 1533 509 1584 mensa
527 1514 671 1598 cibasset,
691 1532 756 1586 non
780 1513 1026 1606 reprehensione
1049 1513 1181 1584 carebat.
1227 1515 1332 1586 eidem
1351 1519 1399 1586 vi·

215 1628 318 1696 sitanti
348 1627 567 1716 possessiones
590 1639 667 1697 suas·
693 1629 798 1698 nullus
826 1629 959 1698 colonus
988 1629 1057 1698 eius
1084 1646 1221 1720 capones
1244 1650 1298 1699 aut
1322 1631 1398 1698 allas

215 1743 348 1834 pingues
367 1765 477 1813 carnes
496 1760 696 1834 praesentare
713 1744 847 1814 audebat
865 1745 898 1812 in
922 1764 1041 1814 mensa
1088 1747 1142 1836 qui
1164 1753 1254 1838 rapas
1278 1769 1398 1817 macras

216 1857 352 1928 modico·
374 1859 438 1928 sule
461 1858 606 1928 conditas
629 1858 726 1928 dabat
739 1860 811 1944 sibi,
839 1860 1014 1929 admodum
1033 1859 1091 1928 sibi
1116 1883 1204 1931 carus
1223 1881 1297 1932 crat.
1344 1860 1399 1931 sed

144 2003 184 2070 45
214 1974 253 2043 ad
268 1973 420 2044 tutandos
435 1973 710 2066 sublevantesque
725 1975 846 2044 amicos
862 1986 948 2044 tot'us
960 1974 1093 2058 deditus,
1108 1975 1259 2066 prodigus
1273 1999 1399 2066 semper

214 2087 282 2174 fuit,
290 2086 522 2180 ntuiispatcens
530 2091 738 2180 expensisaut
747 2088 906 2158 laboribus
917 2101 1134 2179 personarum!
1173 2111 1267 2180 saepe
1279 2089 1398 2159 etenim

214 2206 352 2274 oneratis
370 2204 557 2274 victualibus
586 2205 730 2296 plaustris
758 2225 825 2272 non
848 2203 947 2272 modo
970 2207 1091 2274 amicos
1110 2225 1219 2273 amore
1236 2225 1397 2296 sequaces,

214 2341 327 2390 verum
350 2321 446 2390 etiam
466 2321 615 2390 mercede
636 2319 811 2390 conductos
835 2334 946 2389 samm
971 2319 1101 2402 ducens,
1125 2319 1245 2390 nullam
1269 2321 1326 2390 sui¹
1345 2342 1399 2388 co·

216 2437 321 2508 munis
343 2459 481 2528 poenam
505 2456 662 2520 metuens,
693 2437 732 2506 ad
762 2436 991 2528 propulsandas
1021 2438 1198 2506 amicorum
1217 2437 1344 2506 iniurias
1367 2457 1399 2506 et

146 2575 188 2643 50
214 2547 363 2633 offensas,
387 2567 440 2618 aut
470 2572 583 2618 eorum
606 2549 750 2619 hostibus
774 2548 962 2633 inferendas,
981 2548 1063 2617 celer
1091 2547 1241 2618 tendebat
1270 2551 1398 2640 agmine

214 2686 378 2754 nunquam
401 2673 509 2753 parvo
556 2665 674 2734 interea
711 2663 890 2754 frequentes
924 2665 957 2731 in
989 2661 1100 2732 urbem
1130 2665 1245 2733 nuncii·
1267 2667 1399 2735 veniunt

215 2799 407 2850 nocturnum
421 2782 480 2850 iter
492 2801 602 2848 versus
612 2779 806 2849 Ticinellum
820 2781 856 2836 (s)
868 2781 975 2849 hostes
987 2779 1068 2848 clam
1083 2777 1186 2848 facere
1200 2781 1398 2850 nunciantes.

215 2894 255 2963 ad
282 2917 368 2964 arma
386 2898 525 2988 primum
551 2896 783 2988 stipendiarios,
797 2897 851 2988 qui
875 2895 992 2964 auxilio
1016 2913 1178 2980 venerant,
1203 2896 1324 2986 equites
1347 2919 1399 2966 su·

214 3013 315 3096 seirat,
334 3011 459 3096 deinde,
477 3015 648 3102 praemissa
665 3035 722 3102 per
740 3011 826 3081 urbis
849 3011 937 3080 vicos
960 3013 1124 3103 praeconis
1144 3033 1235 3094 voce,
1252 3013 1400 3080 oomunis

146 3149 186 3216 55
215 3149 368 3220 campana
385 3125 445 3196 sori
463 3129 547 3198 o‘ves
564 3135 675 3218 capere
694 3145 781 3194 arma
796 3143 828 3194 et
842 3127 934 3216 signa
953 3127 1041 3216 sequi
1057 3125 1152 3194 iubet.
1198 3143 1274 3194 tunc
1290 3147 1399 3194 comes

214 3245 398 3332 Serapontis
412 3243 458 3327 (¹),
483 3245 537 3334 qui
561 3243 758 3333 imperatoris
782 3257 885 3310 morte
909 3241 1033 3311 ltaliam
1055 3240 1201 3330 linquens
1224 3240 1399 3310 Mediolani

214 3361 351 3448 primum
385 3359 488 3441 donis,
522 3358 635 3429 deinde
664 3357 824 3449 stipendio
847 3366 968 3448 magno
984 3356 1110 3437 collato,
1129 3377 1254 3424 moram
1271 3355 1399 3426 trahens

213 3471 319 3540 subito
338 3470 529 3540 conductam
553 3471 719 3540 cohortem
734 3469 860 3553 fecerat,
880 3471 1017 3539 nimium
1034 3467 1166 3538 festinus
1189 3469 1228 3540 ad
1246 3469 1333 3538 hunc
1349 3487 1399 3538 tu·

214 3587 350 3656 multum
381 3585 449 3656 luit.
495 3609 570 3654 nam
601 3587 740 3656 lanarius
764 3586 842 3654 civis
871 3584 1084 3668 Placentinus,
1103 3585 1190 3654 catius
1214 3585 1398 3654 Salimbene

146 3707 188 3770 60
214 3717 396 3792 cognomen
416 3719 493 3785 erat,
510 3716 649 3792 potestas
670 3701 841 3770 Mediolani
862 3717 893 3768 et
911 3719 1021 3769 comes
1041 3703 1150 3790 Aymo
1169 3698 1210 3768 de
1233 3700 1399 3770 Ticiniensi

214 3818 393 3908 capitaneus
418 3815 489 3886 belli
510 3840 612 3907 nuper
630 3815 741 3900 lactus,
758 3816 852 3888 nullis
866 3817 1045 3906 praemissis
1059 3815 1321 3906 exploratoribus,
1335 3839 1398 3886 una

213 3957 287 4004 curn
307 3933 368 4002 boc
392 3935 509 4002 comite
527 3933 711 4024 Serapontis
730 3935 900 4024 paucisque
919 3931 1080 4024 equitibus
1094 3931 1278 4017 Mediolani,
1290 3955 1399 4002 versus

264 4155 300 4210 (a)
315 4153 341 4200 la
347 4153 450 4212 fromn.
466 4153 677 4200 emanente
692 4155 735 4200 latr
788 4155 825 4210 (b)
840 4153 898 4200 brut.
914 4151 1021 4200 Ticinum

246 4313 290 4386 (r)
307 4313 380 4370 Nota
400 4311 427 4368 la
445 4311 567 4369 efficacia
584 4311 612 4368 di
630 4323 726 4386 questo
751 4313 782 4367 ri·
827 4311 954 4378 Grmmr,
973 4328 1016 4386 op.
1036 4312 1079 4366 eit.
1098 4311 1133 4378 X,
1154 4325 1185 4382 5²
1204 4327 1220 4366 e
1238 4327 1297 4383 sgg.

211 4411 292 4454 uano
319 4397 432 4465 morale,
451 4399 502 4454 clae
521 4397 627 4452 sembra
648 4397 726 4471 quasi
748 4397 781 4450 ad
861 4397 904 4469 (a)
924 4395 1016 4451 «Post
1034 4410 1172 4451 recessum
1188 4395 1295 4450 comitis
1315 4393 1413 4450 Gaas-⁰

212 4495 267 4538 arte
291 4493 484 4555 coutrapposto
504 4499 520 4536 a
537 4481 629 4554 quello
651 4479 695 4536 del
716 4479 782 4536 Gar·
828 4479 911 4536 «neri
928 4491 1040 4535 venerat
1067 4479 1101 4534 ad
1128 4477 1260 4552 stipendia
1283 4477 1416 4534 llatthei·

212 4569 334 4640 bagnate.
370 4567 407 4622 Di
417 4565 544 4622 obizone
553 4565 588 4620 da
598 4565 782 4636 bernardigio,
828 4564 963 4636 «quidam
973 4561 1398 4628 Tbeutonicus,nominecomes

212 4667 260 4706 ora
276 4651 449 4722 Bernaregio,
464 4665 520 4704 uno
534 4647 608 4720 degli
623 4647 712 4704 ultimi
727 4647 783 4703 lau·
829 4648 888 4702 «de
902 4645 1047 4716 Saliorum,
1062 4647 1164 4702 babens
1182 4645 1210 4700 in
1225 4661 1275 4700 suo
1290 4643 1399 4718 agmine

211 4733 264 4788 tori
278 4732 470 4798 dei'l'orriani,
489 4732 669 4806 presentatoci
684 4731 783 4788 coslai
830 4729 1018 4804 «quingentos
1037 4731 1140 4802 equites
1159 4729 1294 4784 eleetos».
1331 4727 1398 4784 Cosl

213 4817 276 4872 vivo
294 4817 338 4872 dal
356 4815 399 4884 C,
418 4835 475 4872 non
499 4815 601 4872 massi
622 4815 731 4872 ricorde
755 4817 783 4870 in
830 4815 859 4870 B.
879 4815 1018 4882 Mortem,
1039 4813 1131 4872 Claros
1152 4812 1259 4870 Modoil.
1278 4811 1312 4880 ll,
1331 4825 1400 4878 xsn,

215 4901 283 4956 aluo
313 4903 430 4958 ctouuta
460 4913 702 4974 contemporaneo.
739 4898 783 4955 Cl.
832 4913 908 4956 rrto.

317 5023 328 5068 t
349 5023 377 5066 ee
392 5021 539 5068 cama.
1271 5019 1297 5076 9·
