3874 5886
423 473 461 540 18
891 487 1137 544 HISTORIA

419 735 436 778 a
450 733 484 778 se
497 710 609 779 urbem
625 709 943 800 Constantinopolim
954 710 1123 800 appellavit
1133 711 1178 779 (¹).
1216 711 1292 780 inde
1302 711 1335 779 in
1346 711 1555 781 Germaniam
1567 713 1612 782 le·
1644 734 1684 782 ro

418 828 524 915 gimus
543 843 671 893 sanctae
691 825 1180 915 sedisapostolicaeauctoritate
1196 825 1387 896 devolutum
1399 826 1611 919 [imperium],

418 943 616 1011 Graecorum
630 941 760 1022 incuria,
775 941 853 1009 dum
870 965 983 1010 eorum
998 940 1177 1010 subsidium
1192 941 1306 1010 frustra
1318 942 1415 1012 literis
1434 962 1466 1011 et
1477 943 1611 1032 legatio·

418 1056 511 1126 nibus
534 1057 758 1146 implorantem
783 1057 958 1126 Ecclesiam
980 1059 1178 1126 saevientem
1203 1057 1398 1148 Astulphum
1423 1059 1612 1150 Longobar-

418 1174 534 1243 dorum
558 1197 667 1262 regem
690 1175 835 1263 persequi
859 1191 891 1240 et
910 1176 1089 1263 opprimere
1112 1175 1195 1264 passi
1219 1193 1303 1242 sunt.
1350 1175 1440 1244 cuius
1463 1175 1612 1244 iniuriam

419 1287 554 1360 Carolus
578 1291 718 1378 Magnus
738 1311 833 1378 aegre
856 1287 970 1372 ferens,
994 1311 1090 1378 seque
1111 1287 1151 1358 ad
1169 1307 1273 1378 partes
1292 1289 1386 1358 Italas
1410 1289 1613 1374 transferens,
1645 1313 1680 1378 15

417 1404 599 1494 propulsare
631 1405 761 1486 curavit,
794 1405 848 1492 qui
877 1405 1114 1472 Germanorum
1142 1405 1274 1494 primus,
1309 1404 1351 1472 ob
1384 1405 1417 1474 id
1449 1407 1612 1490 metitum,

419 1522 601 1590 Romanum
621 1520 758 1609 suscepit
780 1519 963 1608 imperium.
1010 1519 1142 1608 indigne
1165 1521 1285 1588 etenim
1301 1523 1422 1610 superis
1441 1522 1547 1590 visum
1566 1543 1613 1590 est

417 1634 566 1725 gentibus
579 1636 747 1723 imperare,
761 1637 814 1724 qui
830 1633 1030 1702 subditorum
1045 1635 1193 1724 “iniurias
1205 1636 1388 1724 propulsare
1401 1658 1467 1704 non
1483 1635 1612 1720 audent,

417 1751 546 1841 quique,
559 1749 637 1818 dum
651 1767 863 1836 tyrannorum
875 1749 909 1804 (¹)
922 1766 1064 1818 monstra
1076 1749 1200 1818 mundo
1215 1773 1348 1840 regnare
1361 1749 1528 1834 sufferunt,
1544 1775 1614 1820 cae·

417 1886 502 1935 teros
518 1867 706 1934 innocentes
723 1864 869 1956 perdunt.
916 1887 1025 1932 nonne
1037 1867 1144 1932 omnis
1157 1884 1295 1955 potestas
1315 1865 1451 1956 desuper
1464 1889 1615 1936 concessa
1642 1890 1685 1938 20

418 2001 464 2050 est
483 2000 514 2050 et
533 1983 705 2050 constituta
718 1981 766 2063 (l),
784 1999 820 2050 ut
842 1981 910 2048 eius
935 1982 1077 2069 potentia
1101 1999 1133 2048 et
1156 1981 1283 2066 virtute,
1301 1982 1421 2050 mutuis
1440 1984 1521 2051 inter
1540 1983 1615 2053 sub·

418 2095 645 2166 ditos'sublatis
660 2096 792 2180 iniuriis,
808 2096 945 2187 populus
966 2098 1170 2186 conquiescat
1188 2115 1220 2164 et
1236 2099 1324 2166 vivat
1339 2098 1397 2165 sub
1420 2100 1516 2166 sacris
1535 2099 1614 2189 legi·

419 2211 476 2278 bus
489 2211 524 2266 (ί)
543 2233 631 2301 quas,
651 2212 719 2280 sine
740 2211 826 2280 malo
844 2210 1044 2302 reipublicae,
1064 2211 1184 2280 violare
1203 2213 1313 2300 nequit
1333 2212 1395 2280 ulla
1413 2213 1538 2282 subdita
1557 2239 1614 2304 po·

418 2327 539 2396 testas?
585 2349 644 2396 nec
662 2326 784 2394 iustum
804 2345 882 2415 puto
898 2327 1060 2396 arbitrium
1080 2327 1220 2396 violandi
1237 2327 1325 2417 leges
1340 2327 1417 2412 dari,
1435 2353 1509 2398 cum
1525 2349 1613 2400 metu

418 2441 620 2531 impedientis
640 2441 819 2532 cupiditatis
838 2442 885 2526 (ἃ),
902 2466 983 2532 quae
999 2462 1134 2532 possunt
1152 2445 1275 2534 scriptis
1296 2445 1422 2535 legibus
1440 2447 1614 2530 terminari,
1642 2467 1683 2534 25

419 2581 486 2626 non
506 2559 570 2628 sint
592 2557 662 2626 ullis
682 2557 838 2634 iudicibus
862 2558 1080 2648 relinquenda.
1125 2560 1210 2628 unde
1230 2579 1337 2628 autem
1353 2561 1398 2644 (²),
1416 2579 1470 2629 ant
1492 2561 1614 2650 quade

421 2695 514 2742 causa
529 2672 715 2741 huiusmodi
732 2673 894 2762 dignitatis
907 2674 1020 2742 electio
1037 2675 1076 2742 ad
1095 2693 1218 2764 septem
1232 2678 1389 2766 principes
1405 2677 1614 2746 Alamanniae

419 2791 608 2880 pervenerit,
625 2811 693 2858 non
712 2790 865 2879 cognovi,
884 2807 996 2880 utpote
1016 2790 1272 2881 archiepiscopos
1292 2791 1533 2881 Maguntinum‚
1548 2793 1613 2862 Co-

419 2904 611 2991 loniensem,
624 2923 656 2972 et
672 2905 900 2974 Trevirensem
911 2905 956 2988 (θ),
970 2906 1122 2975 comitem
1133 2907 1315 2976 Palatinum
1328 2907 1373 2990 (l),
1386 2907 1502 2977 ducetn
1515 2909 1616 2978 Saro-

421 3005 757 3108 niae,lniarchionem
770 3019 1100 3110 Brandeburgensem,
1111 3040 1145 3090 et
1155 3045 1266 3112 regem
1276 3023 1462 3107 Bohemiae,
1474 3023 1615 3114 quiolim
1646 3045 1688 3111 30

421 3136 510 3205 ducis
526 3137 653 3206 titulum
673 3135 818 3204 habebat.
856 3135 910 3205 hic
928 3155 1038 3206 tamen
1057 3158 1123 3204 non
1143 3156 1191 3207 est
1214 3138 1389 3221 vocandus,
1408 3141 1469 3210 nisi
1486 3139 1523 3196 (ὅ)
1542 3163 1614 3210 ιυιιι

423 3252 537 3320 caeteri
560 3249 753 3319 discordant.

489 3367 581 3436 VIII.
628 3367 715 3436 Cum
727 3368 845 3458 itaque,
857 3387 931 3458 post
942 3367 1043 3436 clarae
1057 3371 1233 3438 memoriae
1250 3370 1375 3440 obitum
1386 3373 1471 3461 regis
1483 3371 1616 3454 Alberti,

423 3500 548 3550 vacaret
570 3482 752 3570 imperium,
771 3501 803 3550 et
825 3483 955 3572 praefati
980 3483 1144 3566 electores,
1168 3483 1351 3552 huiusmodi
1376 3485 1614 3576 prosequendae

423 3596 586 3665 electionis
610 3619 713 3679 causa,
739 3600 967 3666 convenientes
984 3600 1017 3668 in
1037 3622 1149 3681 unum,
1173 3601 1255 3668 inter
1272 3625 1306 3670 se
1325 3600 1523 3686 dissiderent,
1541 3604 1614 3670 Phi-

423 3713 526 3801 lippus
549 3735 604 3782 rex
624 3713 830 3798 Francorum,
847 3714 879 3782 in
896 3735 987 3803 spem
1001 3716 1173 3806 imperialis
1187 3716 1348 3806 dignitatis
1365 3716 1530 3802 adductus,
1545 3741 1614 3808 pre·

478 3959 509 4014 (a)
524 3958 565 4004 Bb
579 3967 727 4015 tyrannoram
740 3958 886 4005 saeviendum
928 3961 961 4014 (bl
977 3959 1127 4018 Bbdesuper
1141 3961 1262 4007 constituta
1276 3971 1310 4008 eat
1350 3964 1382 4020 (c)
1397 3965 1440 4009 Bt
1454 3965 1616 4022 popaluacon·

424 4039 579 4097 quiescatrnb
592 4038 664 4083 sacris
678 4039 764 4097 legibus
779 4039 858 4086 vivens
929 4041 961 4096 (d)
978 4042 1086 4087 Bbeurn
1101 4049 1162 4087 metu
1182 4043 1312 4100 cupiditatis
1380 4045 1410 4100 (e)
1426 4045 1467 4090 Aa
1485 4043 1615 4091 Trevirlam

425 4115 453 4174 (l)
469 4120 512 4164 Bb
524 4118 631 4165 comitem
645 4117 699 4164 Renl
753 4121 787 4178 (gl
803 4119 979 4166 astruetur
993 4119 1034 4166 niti

461 4347 503 4420 (1)
517 4345 728 4402 ClGorsaano
741 4363 780 4402 ua
792 4347 929 4415 Vrrrnno,
941 4347 998 4421 Spa
1043 4367 1058 4404 a
1077 4349 1186 4422 profluo
1206 4367 1258 4406 con
1282 4353 1418 4424 singolare
1444 4353 1615 4426 intelligente

427 4431 509 4486 culum
528 4450 622 4504 regum,
636 4431 670 4498 H,
686 4431 716 4486 81
739 4433 783 4486 nel
802 4445 963 4488 commento
983 4449 997 4487 e
1043 4433 1078 4486 da
1093 4431 1123 4486 B.
1140 4433 1277 4503 Momola,
1294 4435 1387 4492 Chron.
1404 4437 1510 4494 Moddtl.
1526 4439 1560 4505 ll,
1576 4455 1615 4504 vl,

427 4515 551 4572 Touaso
564 4517 723 4582 n‘aQnrn-o,
739 4533 783 4588 op.
794 4519 837 4572 cit
853 4517 901 4584 111,
916 4533 998 4584 xvru,
1047 4517 1137 4590 roq6e
1152 4537 1209 4591 sgg.
1230 4519 1298 4576 Vedi
1311 4521 1563 4590 Douurors,Kritik
1573 4523 1616 4578 der

428 4615 486 4656 xlx.
1046 4604 1149 4673 Qualiter
1158 4605 1208 4674 sur
1224 4605 1365 4662 Gescliclu
1377 4609 1499 4664 Heinrich
1516 4609 1567 4664 Vll
1576 4609 1615 4664 des

464 4685 506 4754 (2)
522 4685 565 4738 Da
580 4699 675 4757 questo
695 4685 779 4758 luogo
798 4704 813 4740 a
831 4699 902 4742 tutto
920 4687 939 4742 il
958 4705 1000 4742 ca·
1044 4689 1251 4762 Luxcmburgers,
1271 4691 1370 4758 Berlin,
1392 4693 1467 4762 1841,
1486 4711 1512 4766 p.
1534 4710 1615 4752 aooe

428 4767 514 4840 pitolo
524 4767 598 4824 Xlll
610 4769 628 4824 il
640 4783 770 4826 racconto
781 4771 823 4826 del
832 4771 864 4826 C.
872 4769 900 4826 fu
909 4788 999 4827 messo
1044 4789 1103 4846 sgg.
